3244 5024
711 339 972 411 ..38-

220 519 316 586 nem:

327 623 558 695 ³⁸⁰Dsmnatio
574 632 643 699 (lie.
674 633 763 700 datio
778 634 823 702 id.
847 635 1073 705 deambulatio
1089 641 1162 708 [Ver.
1185 640 1369 709 debilitatio
1384 644 1451 712 Oio.

222 718 346 788 debitio
367 725 411 792 id.
436 726 709 803 decacuminatio.
734 738 914 803 decertatio
937 739 1004 805 (lic.
1030 742 1177 810 decessio
1199 745 1242 812 id.
1266 745 1385 812 decisio
1407 747 1450 813 id.

221 821 419 894 declamatio
439 831 486 896 id.
517 835 743 905 ³⁰⁰declaratio
765 839 808 907 id.
840 840 1020 914 declinatio
1041 846 1085 910 id.
1110 847 1308 913 decoloratio
1330 847 1373 915 id.
1397 849 1452 914 dc-

221 929 400 996 cortioatio.
425 932 605 1008 decuriatio
618 940 686 1008 (lic.
700 964 724 1009 s.
749 943 900 1009 decursio
912 944 1008 1011 Brut.
1018 948 1053 1012 in
1066 946 1133 1016 Oic.
1146 971 1194 1033 sp.
1219 951 1404 1017 decussatio
1415 953 1453 1016 V.

222 1025 386 1098 dedicatio
398 1032 464 1101 (lic.
479 1038 566 1108 dom.
595 1043 795 1130 dedignatio.
820 1045 945 1113 deditio
960 1047 1028 1116 Oic.
1053 1051 1254 1118 ⁴⁰⁰deduetio
1269 1053 1313 1120 id.
1337 1053 1455 1118 defati-

221 1132 312 1214 gatio
339 1135 383 1202 id.
422 1136 562 1208 defectio
591 1145 635 1212 id.
668 1146 821 1216 ,defensio
850 1149 894 1216 id.
933 1151 1083 1218 definitio
1112 1154 1156 1220 id.
1194 1155 1387 1238 deflagratio
1410 1157 1452 1222 id.

188 1243 194 1254 '
224 1231 419 1305 deformatio
453 1241 510 1320 V.,
548 1247 591 1314 al.
626 1248 703 1318 Irin.
748 1251 884 1318 defirsio.
930 1253 1067 1320 deiectio
1105 1254 1172 1320 oie.
1219 1256 1454 1336 delacrimatio.

225 1337 398 1407 ⁴¹⁰delatio
421 1341 488 1412 (lic.
523 1349 697 1419 delectatio
719 1354 764 1420 id.
798 1355 963 1439 delegatio
985 1357 1029 1422 id.
1057 1356 1183 1432 ,deletio
1205 1359 1313 1426 Lucil.
1337 1381 1363 1426 s.
1398 1361 1453 1425 de-

224 1439 378 1510 liberatio
401 1444 468 1514 (lic.
500 1450 652 1520 deliratio
674 1453 716 1522 id.
753 1456 950 1541 demigratio
972 1459 1054 1543 Nep.
1090 1462 1272 1527 deminutio
1295 1461 1362 1528 Cic.
1398 1463 1453 1528 de·

224 1544 341 1612 missio
361 1548 405 1615 id.
430 1551 601 1620 demolitio
623 1557 665 1620 id.
690 1560 976 1628 ⁴²⁰demonstratio
991 1562 1033 1627 id.
1058 1563 1205 1648 demptio
1218 1565 1313 1631 Varr.
1338 1565 1455 1630 demu-

225 1648 307 1712 tatio
337 1647 466 1736 eise).
504 1655 728 1727 denominatio
758 1663 812 1729 Ad
841 1666 921 1730 Her.
959 1665 1107 1732 dentitio.
1146 1667 1354 1732 denuntiatio
1385 1665 1452 1734 Oie.
1576 1633 1579 1637 .

226 1747 400 1835 depalatio.
425 1757 581 1844 depastio.
605 1762 796 1847 deploratio.
817 1767 1077 1853 depolitioVarr.
1091 1789 1141 1852 ap.
1155 1769 1239 1834 Non.
1261 1765 1453 1854 ⁴³⁰depopu-

227 1853 309 1920 latio
322 1855 388 1923 (lic.
412 1861 598 1946 deportatio
607 1865 679 1933 (lat.
705 1869 871 1954 depositio.
897 1871 1166 1957 deprauatioOic.
1191 1872 1375 1955 deprecatio
1387 1872 1454 1938 (lic.

227 1955 447 2041 deprehensio
470 1965 514 2031 id.
548 1968 714 2052 depressio
737 1973 777 2039 V.
817 1974 1017 2059 depugnatio
1042 1973 1112 2041 (lat.
1136 1977 1174 2041 fr.
1214 1976 1363 2064 depulsio
1386 1974 1453 2043 Oia.

228 2059 398 2131 derelictio
420 2068 464 2135 id.
501 2071 710 2141 ⁴⁴⁰deriuatio
732 2075 775 2144 id.
810 2076 978 2161 derogatio
1000 2078 1044 2144 id.
1068 2079 1165 2162 lrgm.
1190 2086 1222 2143 et
1245 2077 1298 2142 Ad
1321 2078 1405 2144 Her.
1429 2099 1454 2144 s.

228 2161 461 2238 decensioOic.
486 2173 661 2260 descriptio
672 2178 716 2246 id.
740 2179 889 2245 desectio.
914 2179 1112 2244 desideratio
1124 2177 1191 2246 Oic.
1214 2179 1398 2264 designatio
1410 2181 1455 2247 id.

228 2264 393 2352 despectio
419 2273 462 2340 id.
491 2277 531 2343 ir.
569 2278 753 2363 desperatio
776 2280 843 2348 Cic.
881 2281 1060 2364 despicatio
1082 2281 1126 2346 id.
1151 2303 1175 2348 s.
1215 2281 1454 2349 ⁴⁵⁰destillatio.

229 2368 406 2440 destinatio
429 2377 503 2445 Liu.
535 2380 707 2448 destitutio
730 2383 796 2450 (lie.
829 2384 1016 2450 destructio.
1041 2383 1221 2450 desudatio.
1245 2383 1454 2450 desurrcotio.

230 2471 462 2546 determinatio
492 2481 561 2550 Oic.
597 2487 773 2552 detestatio
806 2486 873 2552 (lic.
905 2484 991 2551 dom.
1029 2484 1187 2550 detractio
1219 2486 1287 2552 oio.
1327 2486 1455 2551 detrec·

231 2581 313 2645 tatio
330 2582 407 2650 Liu.
432 2589 695 2656 ⁴⁶⁰det1uneatio.
720 2588 952 2673 deuirginatio.
982 2587 1142 2652 deuitatio
1157 2585 1224 2653 Oic.
1256 2585 1386 2654 deuotio
1408 2585 1454 2657 id.

231 2686 353 2752 dicatio
366 2687 410 2756 id.
441 2690 540 2756 dictio
555 2690 690 2773 Pacori,
708 2689 773 2757 Oic.
805 2689 956 2755 diductio.
990 2689 1190 2755 diffarrsatio
1205 2691 1291 2757 Fest.
1310 2712 1359 2774 ep.
1391 2691 1455 2756 dif-

230 2788 327 2854 fusio.
356 2791 497 2875 digestio
519 2792 586 2859 Oic.
616 2793 811 2877 4²⁰dignatio
833 2792 877 2858 id.
912 2792 1073 2876 digressio
1096 2794 1137 2860 id.
1173 2793 1364 2861 diiudicatio
1387 2795 1454 2862 oie.

231 2892 380 2959 dilatatio
403 2897 443 2962 V.
474 2896 589 2962 dilatio
612 2895 679 2962 (lio.
707 2895 868 2960 dimensio
890 2893 933 2960 id.
969 2895 1136 2963 dimicatio
1158 2897 1206 2964 id.-
1236 2899 1385 2964 dimissio
1408 2897 1455 2965 id.

231 2998 452 3064 dinumeratio
474 3000 517 3065 ib.
541 2999 678 3064 directio
703 2997 741 3064 V.
766 2998 990 3081 ⁴⁸⁰diremptio
1013 3016 1082 3081 (add.
1102 3017 1282 3085 apale).
1313 3000 1456 3084 direptio

231 3098 298 3166 (lic.
336 3101 482 3168 diribitio
504 3103 548 3170 id.
586 3103 741 3187 diruptio.
780 3103 973 3185 disceptatio
995 3101 1062 3169 Cic.
1101 3103 1360 3179 dissertores,
1386 3101 1454 3168 Cic.

231 3203 429 3287 discrepatio
458 3205 532 3272 Idu.
578 3205 746 3289 discriptio
774 3203 839 3270 oie.
884 3203 1088 3270 discursatio.
1126 3204 1295 3271 discussio.
1336 3205 1454 3270 ⁴⁰⁰dis-

232 3307 358 3373 iunctio
381 3307 449 3375 Oic.
480 3307 659 3390 disparatio
678 3308 719 3372 V.
751 3305 952 3390 dispensatio
975 3305 1042 3373 (lic.
1058 3307 1271 3390 'disperditio
1293 3307 1336 3384 (t)
1360 3307 1403 3372 id.
1427 3311 1455 3372 's.

233 3409 406 3493 dispositio
434 3412 479 3476 id.
523 3410 703 3497 disputatio
732 3408 776 3475 id.
821 3410 1009 3493 disquisitio
1034 3409 1078 3477 id.
1116 3409 1277 3476 dissensio
1304 3409 1348 3476 id.
1387 3409 1456 3474 dis·

232 3515 339 3599 scptio
362 3513 402 3578 V.
440 3513 635 3580 dissertatio.
674 3512 947 3578 ³⁰⁰dissimulatio
970 3511 1037 3579 (lic.
1071 3512 1248 3602 ,dissipatio
1269 3513 1311 3578 id.
1350 3514 1455 3578 disso-

232 3615 542 3692 ciatiodissolutio
564 3614 630 3682 (lie.
662 3615 823 3681 dissuasio
845 3613 889 3680 id.
912 3614 1078 3682 distentio.
1103 3615 1271 3680 distinctio
1294 3614 1363 3682 eie.
1387 3615 1456 3681 dis-

232 3721 331 3786 tortio
352 3719 395 3808 id.
431 3718 597 3785 distractio
620 3718 699 3799 Plt.,
722 3717 790 3784 Oie.
825 3717 1012 3783 distributio
1035 3716 1101 3784 (lie.
1136 3717 1388 3784 ·⁵¹⁰disturbatio
1409 3718 1454 3784 id.

231 3823 395 3889 diuinatio
415 3823 460 3889 id.
493 3822 612 3888 diuisio
637 3820 680 3889 id.
714 3821 868 3889 diuulsio.
905 3821 1086 3888 dominatio
1108 3820 1174 3889 Oic.
1212 3823 1373 3889 domuitio
1402 3844 1454 3906 pr.

232 3927 392 3992 demusin.
417 3925 550 3991 donatio
572 3923 647 3990 eie.
664 3923 817 3991 dormitio
840 3924 935 3992 Varr.
969 3925 1131 3991 dubitatio
1153 3923 1217 3992 sis.
1232 3926 1272 3992 fr.
1291 3925 1361 4004 124,
1386 3923 1455 3992 (lie.

233 4033 275 4074 ³²⁰
284 4029 392 4094 ductio
415 4028 455 4094 V.
493 4027 675 4111 duplicatio
696 4027 739 4092 id.
902 4037 905 4042 '
1150 4023 1163 4046 ⁸
1382 4049 1387 4058 ·

332 4233 463 4299 Ildictic
477 4233 544 4314 Plt.
560 4255 585 4300 s.
625 4234 838 4300 edissertatio.
871 4234 971 4299 editio
986 4232 1053 4300 (lie.
1078 4233 1235 4300 ‘educatio
1250 4234 1294 4301 id.
1325 4233 1458 4299 eductio

233 4337 305 4405 (let.
342 4337 554 4404 effeminatio.
587 4339 714 4404 effectio
737 4337 803 4404 (lic.
834 4337 954 4404 affictio
978 4336 1030 4401 Ad
1054 4337 1134 4403 Her.
1157 4333 1189 4404 s.'
1214 4337 1458 4421 5³⁰efilegitacio
