3244 5024
687 303 930 412 ..ε-ζ

192 542 338 611 cassiod.
361 544 398 608 iu
420 542 517 626 psalt.
542 539 629 622 (ΙΙΙ).
664 576 700 589 -
732 541 995 608 combinatio:
1030 539 1137 606 Hilar.
1166 533 1412 626 inps.140,t

193 646 316 712 ‘unitae
338 645 417 711 fidei
449 651 510 721 cst,
543 650 580 708 at
610 663 689 708 uero
720 641 921 707 combinatio
953 643 1155 708 consortium
1182 642 1342 707 factionis'
1366 641 1418 718 al,

193 749 304 815 Diem.
328 747 380 812 III
402 768 434 830 p.
457 747 520 812 504
544 745 587 810 K.
612 744 815 809 ‘combinatis
837 742 985 827 pedibus,
1009 743 1042 808 id
1066 756 1117 808 est
1139 743 1282 826 singulis
1297 743 1418 808 combi-

194 847 393 916 nationibus’
417 853 471 928 isc.
496 846 663 930 dipodlis)‚
687 846 784 930 gloss.
811 883 847 894 -
879 868 1148 912 commoerero:
1183 846 1291 911 Hilar.
1313 846 1347 908 in
1370 865 1419 928 ps.

193 952 310 1029 68,18
343 949 575 1016 ‘consolantem
610 956 950 1030 commaerentemque
983 969 1050 1014 non
1073 947 1208 1025 habuit',
1242 947 1342 1030 gloss.
1379 983 1417 994 -

148 1105 156 1120 .
194 1061 435 1139 conceptas:
467 1050 573 1115 Hilar.
602 1050 636 1115 in
667 1069 715 1132 pe.
741 1049 811 1128 125,
844 1050 884 1115 10
917 1051 1048 1134 ‘populo
1077 1049 1210 1133 captiuo
1235 1071 1255 1115 a
1276 1048 1419 1131 pcccatis

193 1157 353 1240 propbeta
381 1162 557 1234 concaptus
588 1151 657 1216 est'.
693 1187 734 1200 -
770 1152 1116 1235 concorporatio:
1150 1153 1249 1229 Tert,
1284 1152 1354 1218 Hil.
1383 1151 1418 1217 in

195 1257 295 1322 Mttb.
320 1256 385 1333 6,1
403 1265 488 1338 ‘ergo
510 1261 543 1318 et
557 1253 880 1335 concorporationem
904 1255 977 1330 (alii
991 1254 1086 1319 libri:
1109 1255 1419 1340 incorporationem)

196 1359 298 1426 Verbi
320 1358 385 1423 Dei
408 1365 441 1422 et
462 1355 625 1441 passionis
647 1357 842 1440 mysterium
866 1366 899 1422 et
913 1358 1073 1422 uirtutem
1088 1358 1337 1423 resurrectionis
1352 1379 1418 1423 non

194 1459 381 1545 promiscue
403 1468 545 1523 tractare
559 1477 618 1522 nos
634 1457 808 1522 conuenit’.
827 1495 864 1505 -
881 1461 1100 1546 concrematio:
1123 1458 1231 1524 Hilar.
1248 1460 1283 1524 in
1299 1461 1418 1526 Matth.

196 1562 226 1636 2,
249 1565 269 1628 4
293 1561 578 1626 ‘infructuosarum
601 1559 756 1624 arborum
779 1559 877 1625 caede
900 1557 934 1626 e't
956 1564 1234 1640 concrematione,
1257 1563 1417 1632 taurin.

196 1664 238 1742 V,
261 1665 302 1734 21
325 1665 446 1747 ‘ignem
468 1665 503 1727 in
537 1662 621 1729 rubo
643 1663 716 1728 sine
750 1665 1010 1729 concrematione
1033 1664 1107 1729 rubi
1130 1666 1308 1743 contuene’,
1331 1668 1417 1751 Aug.

195 1767 231 1832 in
254 1767 353 1850 Hept.
377 1766 436 1842 lV,
458 1765 509 1846 33,
533 1766 618 1849 Aug.
651 1764 691 1848 (2)
714 1763 755 1828 ad
778 1767 887 1835 fratrr.
919 1787 1017 1831 erem.
1041 1788 1137 1832 serm.
1160 1767 1211 1843 26,
1242 1767 1339 1852 Fulg.
1363 1769 1418 1846 M,

197 1868 339 1934 Primae.
372 1870 407 1933 in
440 1867 542 1933 Hebr.
574 1866 615 1931 10
649 1868 702 1948 (of.
726 1866 776 1931 IV
806 1887 831 1934 a.
856 1875 911 1945 a).
947 1906 987 1916 -
1024 1871 1305 1936 ³⁰condicionolie:
1334 1873 1418 1954 App.

198 1970 306 2053 dogm.
330 1969 419 2038 Plat.
443 1968 494 2033 ΙΙΙ
518 1989 548 2051 p.
571 1968 634 2033 263
656 1967 793 2047 Η116.51,
823 1969 923 2042 Tert,
953 1967 1035 2044 loti,
1065 1968 1163 2036 Seru.
1191 2008 1234 2020 —
1263 1975 1423 2048 confor-

194 2071 385 2138 *mcbiiier
409 2069 516 2134 Hilar.
538 2070 571 2134 in
595 2090 643 2151 ps.
669 2070 739 2146 129,
762 2071 783 2133 4
807 2071 845 2134 ‘si
867 2071 926 2152 qui
947 2092 1141 2154 corporeum
1164 2072 1274 2138 Deum
1298 2088 1331 2138 et
1345 2095 1421 2139 oon·

198 2161 405 2239 formabilem
428 2172 486 2257 (sc.
511 2171 651 2254 homini)
674 2180 706 2235 et
720 2171 878 2236 membris
902 2171 1120 2239 diuersum..
1145 2173 1186 2238 ob
1209 2173 1243 2238 id
1266 2196 1337 2239 esse
1352 2177 1422 2239 exi-

198 2275 357 2350 stimabit,
380 2273 467 2358 quod
490 2273 705 2340 dictumest:
737 2272 913 2339 Faciamus
940 2274 1109 2339 hominem
1132 2274 1173 2339 ad
1195 2276 1423 2359 imaginem..

198 2376 355 2444 nostram'
380 2376 604 2454 (conformalis
627 2376 726 2455 ilart,
755 2377 934 2441 conformis
963 2375 1042 2440 ΙΙΙ*
1071 2396 1102 2459 p.
1125 2375 1144 2439 7
1168 2384 1202 2441 et
1224 2376 1293 2443 Hil.
1316 2378 1351 2442 in
1375 2399 1423 2462 ps.

86 2559 89 2564 Ι
185 2479 272 2564 Ι135,
295 2482 315 2544 5
339 2480 534 2545 ‘conformes
563 2477 689 2560 corpori
718 2476 841 2559 gloriae
864 2476 936 2541 Dci'
970 2513 1004 2525 -
1032 2479 1069 2542 cf.
1093 2478 1180 2543 Phil.
1204 2478 1234 2555 3,
1264 2478 1304 2544 21
1328 2488 1425 2546 -et

200 2582 266 2666 al).
291 2618 326 2629 -
352 2582 726 2663 confrequentarc:
750 2577 818 2644 001.
843 2579 1021 2657 dub.,Ju1.
1045 2579 1120 2646 Val.
1144 2581 1190 2659 „l,
1212 2581 1286 2660 42⁶2
1302 2582 1370 2648 Hil.
1386 2581 1423 2646 in

200 2703 247 2766 ps.
268 2682 342 2759 137,
365 2683 386 2746 4
402 2681 453 2748 ‘ad
469 2679 807 2764 confrequentandam
831 2682 916 2746 hano
931 2681 1120 2760 ciuitatem',
1137 2681 1249 2762 Prud,
1264 2684 1363 2750 inser.
1381 2721 1423 2732 -

127 2838 132 2848 .
200 2801 527 2869 connuncupare.-
547 2781 658 2849 Hilar.
680 2782 771 2847 Trin.
787 2783 847 2861 Vl,
870 2781 912 2848 50
934 2792 1048 2867 ‘usque
1071 2782 1161 2863 adeo,
1183 2794 1221 2850 ut
1235 2785 1422 2869 adoptionis

199 2917 506 2938 *an—*-

300 2991 327 3057 ὅ)
362 2987 393 3044 In
405 2989 469 3040 libro
481 2989 514 3041 de
525 2989 642 3055 dogmate
654 2987 769 3040 Platonis
786 2989 895 3049 tertio,
918 3005 993 3056 quem
1005 2990 1172 3057 Appuleio
1190 2990 1305 3058 plerique
1322 2991 1422 3043 abiudi-

201 3084 267 3138 eant,
285 3076 343 3127 bie
355 3085 456 3127 exeunt
467 3092 542 3127 noces
554 3074 605 3142 (nel
618 3091 707 3126 uocum
720 3075 928 3140 significationes)
947 3077 1141 3143 peculiares,
1159 3078 1253 3144 quippe
1265 3072 1330 3143 quac
1342 3093 1424 3146 neque

201 3163 228 3215 in
246 3162 337 3214 ceteris
355 3162 397 3227 qui
415 3159 537 3228 Appuleii
554 3158 730 3211 Madaurensis
748 3160 848 3211 nominc
867 3161 981 3213 feruntur
997 3162 1070 3213 libris
1089 3179 1171 3229 neque
1184 3163 1252 3229 apud
1269 3163 1332 3214 alica
1344 3163 1423 3229 scrip·

201 3255 271 3310 tores
289 3255 372 3298 aetate
389 3245 532 3312 superiores
550 3244 632 3294 adbuc
649 3243 701 3294 sint
718 3243 844 3303 inuentae,
861 3245 996 3297 nonnullae
1013 3247 1090 3297 stiam
1102 3245 1175 3313 (quas
1188 3247 1330 3298 diductis
1342 3246 1425 3298 literis

202 3330 378 3400 expressimus)
396 3345 429 3382 ne
447 3329 514 3397 apud
532 3328 609 3378 ullum
621 3328 723 3394 quidem
741 3329 817 3380 alium
836 3331 992 3397 scriptorem,
1011 3331 1032 3382 ei
1045 3332 1198 3385 monianum
1211 3333 1340 3399 Capellam
1358 3332 1424 3383 exci-

202 3417 292 3488 pimus,
310 3417 353 3482 qui
370 3432 401 3468 ex
418 3417 466 3466 hoo
483 3416 537 3481 ipso
555 3413 621 3464 libro
639 3413 723 3479 aliqua
741 3413 767 3464 in
784 3431 855 3464 sunm
874 3416 935 3467 artis
953 3415 1101 3468 dialecticas
1127 3424 1262 3468 tractatum
1283 3416 1426 3468 transtulit:

202 3503 404 3572 abdicatiuns
422 3499 467 3567 (M.
486 3498 567 3567 Cap),
585 3498 761 3559 declaratione,
780 3499 937 3552 dedicatlnns
951 3540 978 3554 ..
998 3501 1066 3564 (bina
1083 3503 1204 3568 punctulo
1220 3519 1306 3554 nocem
1325 3502 1425 3570 saepius

202 3605 334 3640 occurrere
352 3585 513 3654 significanti,
531 3584 652 3644 illatione,
675 3585 869 3651 praedications,
892 3588 907 3620 ⁴*
925 3586 1120 3642 subiectione..
1138 3588 1186 3650 (M.
1206 3589 1275 3655 Cap..
1293 3589 1326 3640 al.
1345 3589 1424 3650 Terta

202 3673 308 3742 staur),
325 3671 512 3732 substitutione,
529 3670 543 3700 ¹*
561 3671 674 3738 acceptio
693 3672 722 3735 (C
741 3689 765 3738 p.
787 3672 840 3739 ΙΙ),
867 3673 1107 3740 aequipollens.
1121 3712 1137 3737 .,
1155 3674 1342 3736 condicionalis,
1364 3691 1424 3726 con-

176 3783 181 3794 ·
203 3758 338 3820 norribilis,
364 3755 463 3808 salsitas
490 3774 515 3823 p.
540 3757 592 3810 267
620 3759 661 3819 al,
687 3757 826 3818 hinnibilis,
844 3759 944 3811 illatio.
959 3794 974 3818 .,
1001 3759 1160 3826 incongruus,
1187 3759 1426 3821 indemonstrabilia,

203 3843 361 3895 llinstruero
378 3843 450 3896 trnsl.
470 3847 539 3910 (opp.
557 3843 700 3906 destruere)
718 3862 743 3912 p.
761 3842 812 3895 266
830 3861 874 3911 sq,
893 3844 1053 3911 particularis
1071 3853 1098 3896 et
1114 3846 1199 3904 ·riter,
1223 3844 1425 3912 pronuntiabilie‚

203 3930 339 3996 protensio,
357 3913 468 3988 redexio,
487 3925 633 3979 reflexim
651 3928 697 3995 (lt.
710 3929 792 3996 Cap),
811 3931 986 3982 enbneuter
1003 3948 1029 3997 p.
1047 3929 1097 3982 266
1115 3931 1148 3982 al.
1166 3929 1241 3993 Quod
1259 3940 1342 3981 antem
1363 3929 1426 3980 baec

203 4013 264 4066 talia
281 4011 411 4074 uocabula,
430 4029 461 4064 ex
477 4015 622 4080 argumenti
638 4014 747 4079 quadam
764 4015 917 4066 necessitate
934 4015 1055 4082 pleraque
1073 4025 1203 4082 prognata,
1221 4016 1246 4066 in
1264 4016 1312 4067 boc
1329 4015 1426 4080 logicae

203 4105 312 4150 tractata
330 4106 435 4159 tantum,
453 4114 502 4150 non
524 4098 585 4149 item
607 4098 633 4149 in
651 4099 743 4150 ceteris
769 4100 871 4165 scriptis
893 4100 1058 4166 Appuleinnie
1080 4099 1206 4167 leguntur,
1232 4099 1293 4166 inde
1315 4117 1376 4151 sane
1393 4099 1427 4151 sd

204 4184 387 4252 quaestionem,
406 4183 471 4234 sitne
489 4199 521 4234 an
538 4198 589 4234 non
606 4182 639 4233 eit
656 4183 678 4234 ls
700 4183 766 4234 liber
783 4183 910 4251 Appuleii,
934 4185 977 4236 uix
999 4185 1135 4251 quidquam
1156 4183 1241 4252 colligi
1259 4193 1351 4252 potest,
1370 4201 1427 4236 cnm

204 4269 353 4335 praesertim
370 4269 493 4335 quaedam
511 4277 595 4319 tamen
613 4283 688 4320 noces
706 4268 837 4335 speciatim
849 4269 1022 4336 Appuleianae
1040 4269 1066 4320 in
1084 4271 1243 4336 booqnoqne
1259 4269 1347 4321 libello
1358 4284 1426 4321 oom-

204 4362 320 4421 pareant,
337 4362 427 4421 utputa
443 4352 691 4415 cachinnabilis,
709 4353 833 4416 directim,
851 4355 1001 4422 coniugatio.
1021 4380 1025 4390 ·
