3244 5024
664 302 920 426 -atss-

180 559 274 624 neit:
1200 607 1206 622 .

180 659 272 724 tatio.
294 657 472 740 anquisitio
496 657 591 726 Varr.
615 679 641 724 s.
677 644 900 724 ¹⁰⁰antecessio
923 657 991 726 Oia.
1015 680 1041 726 s.
1072 662 1318 744 auteoccupatio
1340 659 1407 728 cio.
1477 715 1490 734 .

184 759 377 843 anticipatio
406 758 450 827 id.
488 759 615 843 apertio
643 759 738 824 Varr.
777 761 970 845 apologatio.
1009 764 1178 844 apparatio
1205 761 1272 829 Oia.
1310 785 1409 848 appa-

179 863 255 926 ritio
277 861 320 928 id.
359 857 604 946 appellatio'id.
642 861 801 947 appetitio
833 861 877 930 id.
915 864 1090 946 applicatio
1113 863 1157 929 id.
1180 885 1205 930 s.
1250 871 1409 948 ¹¹⁰appo1··

180 965 261 1029 tatio
285 963 370 1030 Vitr.
405 965 566 1048 appositio
589 983 700 1049 (adeun.
717 997 733 1036 a
751 967 806 1036 aa
824 983 841 1036 1.
861 981 898 1048 7).
929 965 1120 1049 approbatio
1144 963 1209 1032 Oic.
1234 968 1409 1051 appropin-

181 1065 295 1148 quatio
324 1066 367 1133 id.
407 1067 563 1150 apricatio
593 1067 636 1134 id.
675 1068 807 1151 aquatio
834 1067 879 1134 id.
918 1068 1023 1133 aratio
1046 1068 1126 1148 Plt.,
1149 1065 1234 1134 (lic.¹
1255 1070 1410 1134 arcuatio.

180 1169 328 1234 arenatio
352 1169 437 1236 Vitr.
473 1171 713 1254 argumentatio
736 1168 803 1237 (iic.
831 1161 902 1256 (sen.
921 1205 963 1255 ep.
980 1187 1023 1249 89,
1040 1189 1057 1239 9
1075 1188 1147 1254 plur.
1167 1188 1214 1250 ΡΙ,
1233 1188 1328 1250 Quina,
1346 1188 1411 1240 Mar.

181 1288 257 1352 vica,
278 1290 366 1344 ambr.
385 1289 427 1344 off.
446 1290 545 1354 minui,
564 1293 606 1352 29,
631 1291 692 1359 all).
731 1279 768 1318 ¹²⁰
776 1273 941 1357 argutatio
964 1269 1044 1338 (itii.
1068 1293 1093 1338 s.
1129 1273 1289 1338 arietatio.
1325 1273 1409 1337 ario·

181 1373 262 1439 latio
284 1373 372 1440 Ena.
397 1396 422 1440 s.
445 1375 562 1441 arrisio
586 1375 638 1440 Ad
661 1375 745 1443 Her.
768 1361 1065 1458 arrogatio(1(lti).
1090 1375 1284 1440 articulatio.
1309 1395 1408 1439 arun-

183 1474 310 1540 dinatio
327 1475 369 1560 (l)
386 1477 483 1543 Varr.
501 1499 525 1544 s.
549 1479 696 1543 ascensio
712 1477 787 1558 Plt.,
810 1475 877 1543 Oic.
902 1477 1058 1560 ascriptio
1074 1473 1141 1541 Cic.
1165 1478 1351 1560 aspernatio
1365 1476 1408 1541 id.

187 1578 377 1661 ¹³⁰aspersio
399 1578 442 1644 id.
478 1580 633 1662 aspiratio
654 1579 698 1644 id.
732 1580 912 1662 asportatio
933 1577 977 1646 id.
1001 1600 1025 1644 s.
1061 1579 1233 1644 assentatio
1256 1575 1322 1643 Oic.
1356 1600 1408 1644 as-

182 1681 292 1744 sensio
319 1680 363 1748 id.
401 1670 589 1747 assentatio·
607 1682 658 1748 id:
689 1682 834 1748 assertio.
873 1682 1013 1760 assessio
1036 1680 1104 1747 cia
1141 1682 1341 1746 asseueratio
1363 1681 1409 1747 id.

183 1783 363 1866 assignatio
385 1783 429 1849 id.
459 1785 708 1849 ¹⁴⁰assimulatio
731 1782 784 1848 Ad
807 1783 888 1850 Her.
911 1783 1094 1866 assumptio
1116 1781 1183 1850 Oic.
1207 1782 1409 1866 astipulatio.

183 1885 339 1950 astrictio.
375 1886 514 1950 attentio
548 1883 615 1952 Oia.
654 1885 837 1952 attenuatio
871 1885 924 1950 Ad
957 1885 1036 1951 Her.
1066 1907 1091 1952 s.
1132 1886 1283 1959 attractio
1313 1885 1412 1950 Varr.

182 1989 382 2052 attrectatio.
419 1987 592 2053 attributio
623 1987 691 2055 oio.
729 1989 837 2054 auctio
864 1988 907 2054 id.
952 1994 989 2032 ¹⁵⁰
997 1989 1172 2071 aucupatio
1202 1985 1296 2054 Gaea
1328 2007 1410 2054 com.

181 2089 307 2155 auditio
337 2087 406 2178 Oia.
445 2091 617 2157 auarsatio.
656 2091 785 2158 auersio
816 2089 856 2156 B.
877 2089 983 2172 'Hisp
1021 2090 1195 2172 auguratio
1226 2089 1293 2156 (lic.
1334 2109 1410 2154 auo·

182 2192 267 2256 catio
288 2191 333 2258 id.
356 2192 530 2276 aurigatio.
555 2193 753 2258 auscultatio
775 2191 841 2258 Plt.
866 2192 1004 2257 auulsio.

284 2345 462 2412 Bacchatio
484 2343 549 2412 Oia
577 2346 771 2411 ¹⁶⁰basiatio.
794 2345 942 2412 bullatio.
974 2437 983 2454 ι
1053 2336 1057 2344 ’

285 2495 504 2564 Cachinnatio
517 2496 583 2564 Oia
601 2497 715 2565 caesio.
733 2499 958 2582 calatioVarr.
977 2499 1139 2582 caligatio.
1158 2501 1304 2564 cantatio
1314 2499 1410 2565 Varr.

122 2645 123 2648 κ
184 2600 291 2666 cantio
313 2599 398 2677 Plt.,
422 2599 490 2666 Oic.
526 2602 735 2684 caprificatio.
774 2602 918 2684 captatio
941 2599 1008 2665 (lic.
1052 2602 1204 2684 ¹⁷⁰captio
1228 2601 1312 2678 Plt.,
1343 2599 1411 2667 Oic.

184 2702 439 2769 carbunculatio,
453 2704 657 2769 carminatio.
671 2703 844 2786 castigatio
856 2700 923 2769 Oia
938 2703 1100 2768 castratio.
1115 2704 1277 2767 catenatio
1289 2703 1410 2786 vlita).

183 2804 342 2870 catillatio
364 2804 453 2870 nest.
477 2806 556 2889 epit.
579 2806 715 2872 catlitio.
739 2805 866 2871 sanatio
889 2807 986 2871 Varr.
1011 2826 1035 2870 s.
1060 2803 1327 2882 cauillatioPlt.,
1344 2802 1411 2871 Oic.

190 2906 344 2972 ¹⁸⁰cautio
367 2904 476 2986 Gom,
500 2906 567 2974 (lic.
591 2907 766 2974 celebratio
781 2907 849 2974 Oic.
873 2909 982 2974 censio
998 2906 1066 2972 Plt.
1091 2908 1227 2972 certatio
1244 2907 1328 2985 mer..
1343 2903 1412 2974 oio.

185 3009 323 3075 cessatio
346 3009 430 3088 Plt.,
455 3009 518 3076 Oic.
556 3012 661 3076 cessio
684 3008 749 3076 Oic.
788 2997 967 3078 circinatio
981 3011 1020 3076 V.
1059 3010 1210 3074 circuitio
1233 3008 1319 3088 aar..
1343 3006 1411 3074 Oio.

185 3113 393 3178 circumactio
416 3113 457 3178 V.
492 3113 728 3178 circumductio
750 3113 817 3178 Plt.
858 3119 895 3158 ¹⁹⁰
903 3111 1110 3178 circumlatio
1133 3113 1172 3179 V.
1208 3113 1413 3180 circumlitio.
1480 3192 1484 3198 ι

185 3214 453 3280 circummunitio
476 3212 569 3280 Caes.
592 3237 618 3286 s.
643 3215 892 3298 circumpotatio
914 3215 985 3280 XII
1007 3215 1095 3282 tabb.
1115 3215 1248 3298 apilio.
1272 3216 1411 3280 circum-

186 3319 281 3382 rasio.
305 3318 566 3401 circumscriptio
589 3316 656 3384 Oic.
679 3319 908 3384 circumsessio
931 3316 998 3384 Oia.
1021 3340 1047 3385 s.
1071 3317 1320 3400 circumspectio
1342 3315 1410 3384 (lic.

187 3421 422 3485 circumuectio
452 3418 519 3486 (lic.
551 3443 577 3488 s.
615 3421 859 3486 circumuersio.
898 3423 939 3461 ²⁰⁰
947 3421 1127 3487 clamitatio
1157 3419 1225 3484 Plt.
1254 3440 1279 3486 s.
1317 3419 1412 3484 clari-

186 3524 275 3606 gatio
297 3529 360 3606 (ap.
383 3523 484 3606 Isiu),
520 3523 716 3589 claudicatio
739 3522 806 3590 Oic.
842 3527 1048 3590 coaceruatio
1070 3523 1113 3589 id.
1147 3524 1278 3588 coactio.
1316 3543 1411 3605 coag-

186 3627 346 3693 mentatio
369 3624 435 3692 (lio.
459 3627 634 3691 coarctatio
657 3625 695 3692 Β.
713 3626 766 3691 Al.
790 3627 949 3694 coaxatio.
972 3627 1074 3692 coctio
1096 3627 1140 3691 V.
1163 3625 1325 3708 coemptio
1349 3621 1412 3688 Oic

188 3731 391 3796 ²¹⁰ooenatio.
425 3731 577 3796 coercitio
601 3730 676 3796 niu.
712 3730 865 3814 cogitatio
888 3729 956 3796 Oic.
990 3731 1142 3814 cognatio
1165 3727 1233 3794 Oic.
1267 3727 1412 3810 cognitio
1444 3721 1452 3736 '

187 3831 270 3910 Teu,
294 3831 359 3898 Oia
395 3833 575 3898 cohortatio
598 3830 664 3900 Oic.
700 3834 795 3898 coitio
817 3832 900 3909 Ter..
924 3831 991 3898 (lic.
1034 3832 1272 3897 collacrimatio
1294 3829 1362 3896 Oic.
1387 3850 1412 3894 s.

187 3935 319 4000 collatio
342 3932 409 4000 Oic.
444 3934 643 4000 collaudatio
665 3934 709 4001 id.
746 3934 944 4000 2²⁰collectio
966 3933 1012 3999 id.
1047 3935 1216 4018 colligatio
1238 3933 1282 4000 id.
1303 3932 1412 3997 collo-

188 4037 272 4102 catio
293 4035 336 4102 id.
372 4037 545 4102 collocutio
567 4038 610 4103 id.
645 4038 845 4104 colluctatio.
881 4037 1019 4102 collusio
1041 4035 1109 4102 (lic.
1147 4036 1289 4102 collatio.
1326 4034 1413 4100 colo-

187 4139 313 4207 stratio.
352 4139 539 4205 comissatio
562 4139 630 4206 Oic.
664 4139 957 4207 commanducatio.
993 4138 1308 4204 ²³⁰commenroratio
1330 4136 1413 4215 Ter,
1486 4139 1488 4144 '

188 4237 256 4305 Oic.
293 4228 535 4307 commendatio
557 4239 624 4308 Oio.
663 4243 896 4307 commentatio
917 4241 962 4309 id.
999 4243 1237 4326 commigratio.
1275 4241 1412 4306 commi·
1469 4271 1479 4286 .

188 4344 279 4409 natio
298 4343 366 4410 (lic.
388 4345 629 4412 commiseratio
650 4344 695 4412 id.
709 4329 906 4412 'commissio
920 4344 964 4411 id.
989 4344 1245 4411 commodulatio
1260 4343 1300 4410 V.
1324 4363 1411 4409 com·
