3244 5024
690 379 946 452 ..50-

210 581 301 645 uoltu

126 759 131 770 .
211 680 338 746 sanatio
367 677 410 743 id.
448 676 575 742 sanctio
604 673 647 742 id.
681 676 865 742 sarculatio.
899 676 1039 741 sarr-itio.
1069 676 1213 740 ¹²⁶⁰satic
1236 673 1304 742 (lic.
1342 675 1437 741 satis·

212 781 300 846 datio
316 779 358 845 id.
382 776 561 842 satisfactio
576 776 621 844 id.
651 774 891 842 sauciatiossic.
910 798 934 841 s.
957 776 1177 842 sauiatioPlt.
1200 779 1329 843 scansio
1342 777 1438 866 Varr.

212 879 387 948 scarifatic.
404 877 607 944 scintillatio.
624 878 811 944 sciscitatio.
828 877 1037 960 scriptioOic.
1061 883 1111 940 l²²⁰
1118 879 1286 944 scrutatio.
1299 879 1438 944 secessio

212 980 279 1047 cic.
292 982 429 1046 secretio
437 980 480 1044 id.
497 980 596 1044 sectio
609 978 653 1044 id.
670 978 796 1044 sedatio
807 979 852 1044 id.
869 978 987 1043 seditio
1003 977 1106 1056 Com„
1122 977 1188 1044 Oia.
1210 977 1357 1044 seductio
1370 978 1436 1046 oio.

212 1082 372 1148 seiunctio
386 1081 428 1146 id.
446 1082 580 1146 selectio
590 1080 633 1146 id.
651 1082 825 1146 seminatio
837 1081 933 1145 Varr.
963 1086 1013 1124 ¹²⁸⁰
1021 1081 1183 1163 separatio
1195 1080 1262 1147 Cic.
1279 1083 1386 1164 soptio
1398 1081 1438 1147 V.

212 1183 442 1272 sermocinatio
476 1181 530 1246 Ad
564 1181 645 1248 Har.
680 1183 832 1247 seruatio.
865 1182 969 1246 sessio
990 1180 1057 1246 Cic.
1092 1182 1237 1249 siccatio.
1272 1181 1437 1248 sideratio.

213 1285 411 1369 significatio
433 1283 500 1349 cic.
535 1284 704 1349 simulatio
726 1283 809 1360 Ter„
832 1283 899 1374 Oia.
935 1282 1087 1347 solidatio
1110 1283 1151 1348 V.
1191 1282 1439 1348 ¹²⁰⁰sollicitatio

211 1387 294 1462 Ter..
311 1386 376 1452 Oia.
400 1386 519 1450 solatio
535 1384 602 1450 Cic.
626 1386 754 1468 sopitio.
778 1385 923 1451 sorbitio.
950 1385 1080 1450 sortitio
1096 1385 1163 1450 Cic.
1186 1387 1324 1468 sparsio.
1348 1405 1438 1468 spec·

211 1489 293 1554 tatio
315 1488 381 1554 cto.
404 1488 527 1569 spectio
549 1488 593 1552 id.
617 1488 760 1570 spiratio.
784 1486 947 1570 spissatio.
978 1487 1190 1568 ¹³⁰⁰spoliatio
1212 1487 1279 1554 Cic.
1303 1489 1438 1570 sponsio

213 1588 390 1654 PltMen.
415 1586 651 1664 592a1.,cio.
692 1589 879 1654 stabulatio.
917 1589 1015 1652 statio
1038 1588 1105 1654 Oia.
1143 1590 1375 1654 statuminatio
1400 1587 1437 1654 V.

213 1690 351 1756 statutio
380 1689 425 1755 id.
469 1692 667 1755 stercoratio.
713 1690 918 1756 storuutatio.
965 1691 1161 1756 stimulatio.
1207 1691 1341 1773 stipatio
1371 1689 1438 1756 cio.

219 1789 450 1872 ¹³¹⁰stipulatio
477 1789 522 1854 id.
557 1791 785 1874 strangulatio.
824 1792 934 1856 suasio
957 1789 1024 1856 Oia.
1063 1793 1303 1856 suauisauiatio
1326 1791 1391 1855 Plt.
1414 1811 1439 1855 s.

215 1891 364 1958 subactio
387 1890 454 1957 Oia.
492 1892 629 1958 sabatio.
668 1892 841 1958 subductio
871 1891 938 1958 Cic.
976 1893 1136 1957 subiectio
1165 1893 1209 1957 id.
1248 1893 1440 1974 subigitatic

213 1992 315 2059 Plts.
332 1992 476 2056 sublatio
488 1991 554 2057 Cic.
577 1994 823 2058 ¹³2⁰subleuatio
835 1993 878 2060 id.
895 1994 1073 2059 submissio
1087 1995 1131 2060 id.
1145 2016 1171 2062 s.
1187 1994 1385 2076 subscriptio
1396 1992 1438 2060 id.

214 2094 408 2160 subsortitio
430 2092 473 2158 id.
497 2093 698 2159 substructio
720 2095 764 2158 id.
787 2097 958 2161 subuectio
979 2095 1070 2162 Caes.
1096 2098 1259 2162 successio
1275 2095 1342 2162 (tic.
1367 2116 1438 2161 stro·

215 2196 368 2261 clamatio
391 2194 464 2259 Liu.
488 2196 662 2259 succussio.
687 2195 819 2261 sudatio
843 2197 883 2262 V.
923 2199 1118 2262 ¹³³⁰sulliti0.
1152 2199 1306 2264 sufflatio.
1341 2197 1440 2263 suffo-

216 2298 308 2363 catio.
333 2291 538 2361 suffossio'V.
563 2295 755 2379 suffragatio
771 2297 840 2363 Cio.
865 2299 1066 2364 suffrenatio.
1092 2299 1240 2364 suffusio.
1255 2299 1441 2382 'suggestio

216 2399 454 2483 suggrundatio
471 2398 510 2464 V.
534 2399 704 2481 sugillatio
722 2401 795 2466 Liu.
825 2401 1067 2466 ¹³⁴⁰sulfuratio.
1090 2403 1238 2486 sumptio
1254 2401 1320 2466 Cic.
1339 2401 1442 2484 (psit

216 2500 332 2571 catu).
357 2501 533 2583 superatio.
558 2503 764 2582 superiectio.
788 2503 979 2583 superstitio
1002 2499 1069 2568 Oia.
1106 2503 1327 2585 suppeditatio
1350 2503 1393 2570 id.
1417 2524 1442 2568 s.

220 2602 473 2686 supplicatioid.
497 2602 665 2685 supplosio
677 2603 720 2666 id.
741 2602 925 2686 suppositio
936 2603 1003 2668 Plt.
1020 2605 1207 2685 suppressio
1219 2603 1285 2669 Cic.
1309 2607 1443 2688 ¹³⁵⁰sup·

216 2704 356 2790 puratio.
394 2704 584 2785 supputatio
614 2703 654 2772 V.
691 2705 857 2788 susceptio
884 2704 954 2770 Cio.
993 2704 1168 2788 suspectio.
1207 2705 1379 2787 suspensio
1402 2706 1443 2770 V.
1492 2771 1494 2776 ,

218 2805 403 2890 suspiratio.
441 2805 638 2872 sustentatio
661 2805 729 2873 Cic.
784 2885 788 2894 .

317 3009 492 3076 Tabulatio
507 3008 599 3076 (laos.
634 3011 735 3076 tactio
756 3011 834 3085 Plt.,
857 3011 924 3078 Oio.
958 3011 1084 3076 taxatio
1100 3007 1166 3075 Cic.
1183 3010 1222 3077 fr.
1260 3013 1443 3094 ¹³⁶⁰tempe·

218 3111 304 3178 ratio
326 3111 391 3178 Cic.
415 3112 531 3177 tensio.
555 3113 694 3178 tentatio
717 3111 784 3179 Oia.
809 3115 914 3178 tentio
936 3112 978 3177 V.
1007 3113 1185 3178 terebratio
1208 3112 1252 3178 id.
1282 3113 1444 3195 tergiuer-

219 3216 303 3281 satio
325 3212 392 3280 Cic.
416 3214 610 3278 terminatio
633 3213 674 3277 id.
707 3215 863 3279 tertiatio.
896 3215 1031 3279 testatio
1054 3215 1129 3280 Liu.
1162 3210 1353 3281 testificatio
1375 3213 1442 3280 Cio.

224 3316 432 3381 ¹³²⁰titillatin
445 3314 487 3380 id.
511 3313 669 3378 titubatio
683 3314 728 3380 id.
752 3316 902 3381 toleratio
914 3316 958 3382 id.
971 3339 995 3384 s.
1018 3316 1174 3382 tractatio
1186 3317 1228 3384 id.
1253 3316 1388 3404 traditio
1399 3315 1442 3380 id.

221 3416 386 3482 traductio
407 3417 450 3482 id.
479 3409 627 3486 calcatio
648 3415 692 3481 id.
721 3418 977 3499 transfiguratio.
1008 3418 1197 3484 transfusio.
1225 3417 1445 3514 transgressio
1475 3407 1478 3414 ’

221 3517 289 3585 cic.
330 3517 538 3582 ¹³⁸⁰transitio
558 3517 601 3581 id.
636 3518 808 3582 translatio
828 3518 872 3584 id.
903 3521 1109 3584 transmissio
1124 3520 1167 3589 id.
1199 3521 1442 3586 transmutatio.

221 3620 466 3703 transportatio.
484 3619 712 3702 transumptio.
732 3621 950 3684 transsueatio
962 3619 1030 3686 Oia.
1054 3620 1228 3704 trepidatio
1242 3619 1284 3688 id.
1309 3619 1445 3684 tributio

198 3721 265 3790 id.
295 3719 469 3786 trucidatio
491 3719 534 3787 id.
572 3720 827 3786 ¹³⁰⁰trullissatio
848 3720 888 3786 V.
916 3721 1016 3787 tuitio
1037 3720 1104 3787 cto.
1136 3720 1355 3790 tumultuatio
1369 3721 1443 3790 Liu.

221 3822 367 3892 turbatio
387 3823 430 3890 id.
453 3822 643 3888 turbinatio.

322 4026 460 4093 Vacatio
487 4026 555 4093 Cic.
591 4025 769 4092 uacillatio.
807 4025 949 4108 uagatio.
988 4025 1179 4106 rraporatio„
1204 4028 1344 4093 uariatio
1371 4027 1445 4092 Liu.

229 4131 280 4176 ¹⁴⁰⁰
289 4131 430 4195 uastatio
453 4127 521 4196 Cic.
550 4128 740 4193 uaticinatio
761 4126 805 4193 id.
834 4127 983 4192 uastatio.
1013 4127 1121 4192 ucetia
1145 4127 1212 4192 Cic.
1235 4129 1445 4194 uehiculatio.

223 4231 403 4298 uelificatio
426 4227 493 4295 Oia.
531 4229 680 4295 uelitatio
701 4229 770 4294 Plt.
792 4251 817 4296 s.
855 4229 1030 4295 uolliaatio.
1068 4231 1202 4301 uenatio
1225 4230 1292 4296 Oia.
1331 4228 1446 4295 uendi·

146 4353 148 4356 ·
224 4334 306 4402 tatio
327 4332 371 4399 id.
400 4330 611 4396 ¹⁴¹⁰uenditio
631 4331 676 4398 id.
706 4331 876 4396 ueneratio
897 4330 941 4397 id.
976 4332 1160 4400 uentilatio.
1194 4333 1307 4399 uentio
1329 4331 1396 4398 Pit
1419 4350 1444 4396 s.

1451 4209 1460 4226 ·
1582 4185 1583 4266 l
