3244 5024
672 365 928 438 ..51-

189 577 292 627 366οΑ

188 663 323 738 sconsio.
358 663 595 748 transscriptio.
631 666 839 733 transsilitio.
884 665 1172 755 transuerberatio.
1208 662 1418 730 transuersio.

188 765 417 832 transuolutio.
456 768 687 836 transuoratio.
727 769 960 851 triangulatio.
1004 767 1185 834 tribulatio.
1230 765 1417 849 tripartitio.

187 867 375 950 triplicatio.
399 867 587 950 tripodatio.
604 867 807 952 tripudiatio.
826 871 1033 938 tristificatio.
1051 869 1226 934 trituratio.
1243 867 1415 932 truncatio.

187 969 294 1035 trusio
308 989 340 1034 n.
366 971 615 1038 ³⁰⁸⁰trntinatio.
639 972 844 1040 tubicinatio.
869 973 1044 1040 tubulatio.
1068 972 1222 1038 tuditatio
1240 992 1272 1037 n.
1295 969 1416 1036 tunsio.

188 1071 377 1136 turificatio.
400 1072 529 1140 tutatio.

291 1223 446 1291 Vallatio.
470 1227 606 1292 uaratio.
629 1227 797 1294 naricatio.
820 1227 996 1312 uegetatio.
1023 1226 1167 1294 nehutio.
1191 1224 1323 1291 nelatio.
1346 1223 1417 1290 uel-

188 1323 281 1393 latio.
314 1326 556 1393 uentriculatio.
593 1330 820 1394 nentrificotio.
858 1327 1108 1395 uerecundatio··
1128 1349 1159 1392 n.
1194 1325 1351 1391 uesicatio
1384 1345 1415 1392 n.

187 1427 373 1510 uestigatio.
410 1427 562 1494 uibratio.
601 1430 876 1497 ³¹⁰⁰uiccsimutio.
915 1429 1103 1495 uictimatio
1131 1450 1162 1495 n.
1200 1427 1350 1494 nidnatio
1383 1449 1415 1494 n.

187 1528 347 1610 uigilatio.
371 1529 587 1597 uindemiatio
604 1552 636 1596 n.
659 1532 798 1597 uiscotic
821 1554 853 1598 n.
870 1532 1033 1598 uitulatio.
1051 1531 1242 1597 uiuificatio.
1268 1530 1416 1597 ululatio.

188 1629 362 1696 umbratio.
386 1633 527 1698 nucetio.
552 1631 697 1698 undatio.
720 1633 837 1700 unitio.
853 1633 1050 1699 uninocatio.
1068 1634 1233 1698 uocitatio.
1256 1633 1416 1698 uolitatio.

189 1733 317 1797 uolutio
339 1754 371 1802 n.
403 1733 542 1800 arbetio.
565 1735 709 1800 usitatio.
732 1733 899 1800 ustulatio.
929 1735 1171 1820 ³¹²⁰usucaptio.
1199 1734 1415 1819 usureceptio.

189 1833 307 1900 uulsic.

195 1944 210 1967 .

291 2087 349 2154 Ex
363 2088 454 2154 hisce
468 2110 568 2156 rece.
603 2091 651 2157 ·io
672 2091 778 2158 finitis
803 2091 1037 2176 incipientium
1052 2111 1072 2157 a
1087 2091 1192 2156 literis
1207 2091 1291 2169 a—i,
1314 2109 1353 2156 ao
1370 2097 1416 2157 'ne

187 2190 306 2258 horum
327 2193 461 2275 quidem
483 2194 631 2259 omnium
654 2196 756 2277 (945),
791 2194 848 2260 sed
878 2215 993 2261 eorum
1021 2194 1212 2269 dumtaxat,
1245 2212 1329 2276 qnae
1358 2213 1417 2276 per

185 2301 336 2359 auctores
359 2297 496 2378 cognita
518 2306 598 2362 sunt
618 2298 735 2364 aetatis
758 2296 956 2362 definitionis
979 2297 1074 2378 (706),
1098 2316 1233 2362 censum
1250 2293 1416 2377 quendam
1527 2287 1530 2294 ’

184 2398 312 2482 egimus
335 2395 509 2465 diribendo
535 2417 683 2482 quaeque
704 2419 766 2482 per
785 2405 927 2475 aetates,
960 2408 1058 2481 atque
1087 2398 1136 2462 ita
1157 2405 1236 2462 sunt
1258 2396 1414 2462 inuentat

186 2504 219 2581 a)
242 2508 415 2566 anctorum
437 2501 566 2565 tertii
588 2522 621 2584 p.
644 2499 722 2566 chr.
746 2523 776 2567 n.
800 2499 934 2568 seculi
957 2507 992 2564 ct
1014 2500 1217 2565 anteriorum
1240 2497 1416 2563 ducenta

185 2600 365 2686 triginta
398 2622 540 2680 unum,
574 2604 609 2666 in
644 2601 763 2685 quibus
797 2602 1063 2668 Tertulliani
1093 2601 1135 2666 82
1169 2600 1237 2684 (acl
1270 2599 1337 2674 86),
1370 2619 1413 2663 ex

187 2701 455 2785 antiquioris
477 2701 799 2787 scripturarum
828 2703 1053 2770 Sacrorum
1082 2701 1413 2784 interpretatio·

186 2804 255 2868 nie
277 2804 400 2870 latinae
422 2805 572 2890 reliquiis
594 2806 637 2871 38
659 2806 729 2888 (uel
750 2807 814 2886 39),
832 2841 868 2855 -
887 2805 921 2886 b)
944 2803 1084 2888 quarti
1107 2804 1210 2869 seculi
1234 2802 1414 2867 ducenta
1437 2831 1440 2836 ·

186 2905 553 2990 undesexaginta,
597 2908 631 2973 in
676 2907 796 2992 quibus
834 2906 1091 2992 Hieronymi
1127 2914 1161 2970 ct
1197 2925 1239 2969 cx
1274 2905 1412 2987 interpr.

185 3003 337 3092 S(cript.)
360 3007 480 3093 S(acr.)
506 3008 689 3093 Vulgata
710 3009 761 3085 59,
786 3009 1017 3093 Augustini
1044 3009 1086 3073 54
1109 3008 1164 3086 (cf.
1188 3006 1219 3071 D
1248 3028 1278 3072 n.
1309 3006 1352 3070 29
1380 3013 1414 3069 et

184 3107 258 3174 add.
280 3129 312 3191 p.
335 3108 401 3187 27),
432 3109 586 3175 Rufini
611 3109 660 3187 12,
688 3110 903 3177 Ambrosii
924 3111 946 3176 9
974 3110 1184 3192 (Arnobiana
1215 3117 1249 3174 et
1268 3107 1412 3173 Laetan-

179 3206 276 3276 'tiaua
298 3211 374 3275 uide
396 3213 425 3278 D
446 3232 477 3295 p.
500 3213 564 3278 304
587 3233 632 3295 sq.
657 3220 691 3277 et
712 3212 788 3294 307)
827 3250 862 3262 -
893 3218 925 3290 o)
947 3213 1091 3295 quinti
1114 3210 1221 3276 seculi
1243 3219 1414 3274 centum

184 3312 355 3402 uiginti,
397 3313 433 3378 in
469 3314 591 3398 quibus
624 3313 766 3380 Ooelii
800 3315 1030 3380 Aureliani
1064 3324 1176 3396 (quem
1209 3310 1271 3376 hoc
1301 3309 1412 3376 seculo

184 3415 310 3480 uixisse
342 3419 490 3499 autumo)
523 3417 566 3481 26
597 3416 675 3500 (uel,
705 3437 782 3481 cnm
804 3417 878 3482 aliis
907 3417 1070 3482 incertum
1102 3436 1144 3479 an
1168 3411 1412 3496 antiquioribus

185 3519 410 3602 scriptoribus,
432 3519 498 3602 31),
521 3513 621 3594 -ἰ1)
645 3520 761 3585 sexti
783 3520 887 3585 seculi
909 3529 944 3584 ct
965 3521 1154 3603 aequiorum
1177 3516 1412 3600 nonaginta

186 3641 277 3699 sex,
299 3620 332 3685 in
356 3621 476 3704 quibus
497 3620 668 3686 Boethii
693 3621 733 3687 18
756 3621 809 3686 uel
834 3622 887 3700 (cl.
912 3644 943 3687 n.
965 3623 1000 3704 8)
1022 3621 1075 3686 26,
1398 3625 1406 3640 “

288 3721 530 3806 Composita
552 3735 644 3790 snut:
681 3723 773 3797 1469,
796 3723 880 3788 1505
902 3733 935 3789 et
956 3721 975 3786 7
999 3742 1056 3805 sq„
1081 3719 1175 3797 1619,
1197 3718 1292 3796 2101,
1315 3716 1409 3795 2138,

184 3822 277 3901 2393,
312 3825 408 3903 2430,
439 3825 534 3902 2562,
568 3825 663 3902 2742,
697 3825 782 3892 2878
811 3826 864 3908 (cf.
897 3824 977 3889 1261
1008 3828 1083 3906 sq),
1110 3822 1195 3887 2805
1222 3840 1281 3902 sq,
1316 3818 1411 3897 2993,

177 3926 279 4008 3026,
309 3925 403 4002 3113,
432 3926 514 3994 3121
541 3931 672 4007 (nettz
703 3927 755 4002 62,
777 3927 830 4003 75,
853 3928 916 3991 515
939 3941 997 4008 sq,
1023 3921 1267 4004 1211214152)Ι
1294 3919 1411 3983 -Ad

184 4033 240 4093 Ιιι-
257 4030 338 4110 prin.
356 4030 512 4112 praefixa,
535 4039 574 4093 ut
588 4038 667 4093 sunt·
681 4028 765 4093 2214
781 4028 987 4107 (in-libatio),
1010 4025 1104 4110 2222,
1128 4022 1211 4089 2227
1234 4042 1292 4105 sq,
1315 4019 1409 4102 2232,

184 4129 279 4205 2234,
302 4129 398 4208 2245,
420 4129 514 4205 2254,
538 4128 728 4204 2258-64,
751 4128 844 4205 2266,
868 4129 961 4204 2268,
985 4125 1175 4206 2276-83,
1199 4123 1293 4198 2288,
1314 4121 1411 4198 2294,

170 4211 279 4316 ‘aeos
301 4231 396 4313 aare,
419 4233 513 4308 aare,
536 4231 630 4308 2327,
653 4231 747 4307 aare,
769 4230 862 4304 aare,
885 4229 969 4295 aare
989 4227 1130 4304 ‹sorra›
1153 4247 1200 4309 sq.
1224 4236 1272 4304 (a
1289 4235 1409 4289 ueta:

186 4335 260 4414 715,
283 4333 356 4414 730,
380 4331 453 4415 748,
475 4331 553 4418 927)
576 4334 616 4401 cf.
640 4333 671 4400 B
693 4355 725 4400 n.
749 4331 791 4398 10
812 4340 846 4398 et
866 4329 899 4397 D
921 4353 953 4416 p.
976 4330 1048 4397 197.
1073 4365 1106 4378 -
1134 4327 1202 4394 Pro
1223 4326 1409 4392 denomi-
