3244 5024
678 361 937 432 ...17-

195 558 307 636 currit,
341 606 379 624 ..
411 580 472 643 per
506 559 590 624 hanc
624 559 774 626 uelocem
798 563 1082 628 transcursionem
1104 560 1288 627 aedificatio
1310 563 1425 629 beatae

194 661 294 725 huius
317 661 462 726 civitatis
485 669 537 727 est
560 661 694 746 coepta’,
718 661 842 739 Amba,
868 661 1011 751 [Rufin]
1039 683 1156 730 comm.
1174 663 1210 727 in
1225 661 1280 730 Os.
1298 663 1360 747 111,
1384 663 1426 729 ad

196 763 245 841 13,
266 762 288 827 6
310 761 352 845 (0
366 784 397 847 p.
415 761 456 828 22
470 765 511 844 *),
536 764 613 830 Ood.
639 763 737 842 Just,
761 763 907 830 Oassiod.
931 767 1037 850 inps.
1060 763 1113 843 72,
1138 766 1178 830 14
1202 765 1282 832 ‘eius
1306 767 1426 849 (uenti)

194 866 319 951 impetu
356 873 389 930 et
421 865 725 931 transcursionibus
763 867 995 933 uerberamur’.
1031 903 1074 916 -
1110 869 1426 952 troaafiayere:

194 967 291 1050 intpr.
322 970 407 1033 Iren.
438 968 471 1044 Ι,
501 968 537 1045 9,
570 970 586 1032 l
620 968 676 1046 al,
709 975 807 1051 poeta
835 967 1426 1052 1111111101.112571111111

195 1067 310 1133 dolens
332 1069 527 1152 transfingit
551 1068 676 1135 crimen
699 1070 733 1133 in
749 1069 857 1157 illos,
885 1070 1069 1137 Verecund.
1092 1068 1153 1152 (0).
1190 1107 1226 1119 -
1263 1073 1426 1154 transfor·

194 1170 310 1236 mutio:
336 1170 444 1236 Hilar.
468 1171 560 1238 Trin.
585 1170 646 1247 XI,
669 1171 711 1236 37
737 1171 781 1235 ‘in
804 1172 921 1237 habitu
944 1173 1109 1238 Dominus
1132 1172 1293 1256 gloriosae
1316 1179 1424 1236 trans·

194 1271 401 1340 formationis
424 1294 503 1338 suae
531 1274 693 1352 constitit,
724 1274 895 1358 regnantis
918 1275 1062 1356 corporis
1085 1272 1137 1338 sui
1161 1273 1312 1338 claritate
1335 1280 1425 1356 pate-

194 1369 291 1454 facta}
327 1373 447 1450 (Mtth.
488 1369 536 1452 17,
574 1375 628 1458 2),
667 1379 769 1459 Aug,
807 1377 906 1460 intpr.
947 1375 1040 1459 Orig.
1078 1375 1114 1439 in
1136 1374 1236 1439 Mtth.
1275 1373 1344 1440 100.
1383 1411 1426 1422 -

193 1478 507 1560 transgressio.-
541 1476 648 1544 Hilar.
679 1477 716 1542 in
746 1476 867 1544 Matth.
891 1476 970 1554 2,3
1004 1475 1193 1560 ί(11111111)
1222 1476 1258 1540 11
1281 1474 1426 1541 hominis

197 1579 525 1662 transgressioneiuit
540 1578 694 1662 perfidus,
708 1579 761 1644 bic
779 1577 979 1663 (Abraham)
995 1599 1074 1644 uero
1088 1579 1289 1644 iustificatus
1305 1597 1347 1642 ex
1362 1576 1427 1642 fide

194 1675 264 1758 est’,
286 1680 413 1758 Ambr,
437 1682 523 1764 Aug.
554 1717 588 1728 -
621 1690 929 1764 transgressus
951 1701 1052 1764 pass:
1068 1743 1072 1752 ,
1086 1681 1160 1746 Liu.
1184 1681 1236 1760 (1),
1260 1679 1369 1745 Hilar.
1390 1680 1426 1742 in

184 1780 294 1860 ‚Mtth.
318 1781 365 1864 12,
390 1782 410 1846 5
434 1790 668 1864 ‘transgressae
689 1783 792 1866 legis'.
818 1819 852 1832 -
879 1781 1145 1849 *translatim
1169 1780 1294 1862 Quint,
1318 1779 1425 1848 Hilar.

194 1883 309 1969 synod.
331 1885 353 1950 9
376 1890 428 1950 ‘ex
450 1905 566 1970 graeco
589 1885 624 1949 in
647 1885 791 1951 latinum
820 1884 861 1950 ad
891 1884 1030 1951 uerbum
1062 1903 1220 1968 expressa
1249 1883 1425 1949 translatio

193 1986 290 2052 affert
322 1988 516 2070 plerumque
549 1987 806 2065 obscuritatem,
841 1986 885 2052 id.
907 1987 942 2051 in
964 1987 1086 2080 1159,
1110 1987 1128 2051 l
1152 1987 1336 2052 ‘translatio
1366 1985 1426 2049 illa

194 2089 362 2155 seniorum
383 2089 484 2168 txx
506 2099 540 2154 et
559 2091 711 2174 legitima
732 2097 767 2155 et
789 2089 968 2173 spiritalis',
991 2087 1035 2154 id.
1052 2089 1085 2152 in
1106 2108 1154 2171 ps.
1179 2089 1241 2153 118
1263 2088 1284 2152 l.
1310 2085 1360 2166 12,
1384 2085 1425 2149 14

193 2201 268 2256 ‘non
291 2212 387 2274 posse
409 2192 672 2259 satisfactionem
694 2191 935 2276 intelligentiae
957 2211 999 2256 ex
1017 2190 1193 2256 latinitatis
1209 2190 1426 2256 translatione

193 2294 365 2376 praestari
388 2303 423 2360 et
443 2295 533 2378 freq„
568 2306 667 2378 atque
688 2294 736 2360 ita
757 2293 1018 2360 *translator
1039 2292 1074 2356 in
1097 2313 1147 2375 ps.
1170 2292 1242 2368 133,
1264 2292 1285 2356 4
1309 2290 1426 2375 ‘reperi

194 2396 356 2477 quosdam
389 2398 563 2482 ambiguos
596 2398 682 2462 circa
715 2397 778 2465 hoe
808 2397 863 2461 “in
886 2395 979 2460 atriis
1002 2394 1120 2460 domus
1143 2391 1298 2459 Domini’'
1322 2400 1366 2471 (u.
1391 2393 1425 2476 1)

193 2497 307 2576 fuisse,
342 2499 488 2566 dicentes
520 2499 642 2565 idcireo
676 2521 696 2566 a
727 2497 982 2566 translatoribus
1011 2497 1129 2582 primis
1158 2495 1322 2562 adiectum
1345 2514 1426 2571 esse,

195 2602 271 2682 quia
303 2602 365 2680 sub
399 2604 518 2668 iisdem
552 2603 704 2671 uersibus
739 2603 889 2686 sequenti
915 2598 1044 2686 psalmo
1066 2595 1150 2679 ’(134,
1172 2597 1206 2681 2)
1228 2597 1424 2663 continetur

195 2704 248 2781 al,
269 2703 362 2771 Hier.
386 2743 429 2753 -
451 2691 786 2791 transmigratio.-
817 2705 924 2772 Hilar.
946 2703 984 2767 in
1006 2701 1127 2768 Matth.
1154 2701 1180 2778 l,
1202 2698 1223 2764 2
1247 2708 1362 2783 ‘usquc
1385 2699 1426 2764 ad

195 2807 520 2891 transmigrationem
543 2807 746 2894 Babylonis',
769 2807 880 2891 Vulg,
908 2804 1011 2873 Prud.
1036 2840 1074 2852 —
1099 2803 1265 2869 uectio:
1300 2797 1367 2868 Oic.
1390 2823 1426 2878 s.,

195 2907 263 2974 Hil.
287 2908 323 2972 in
338 2908 513 2988 Μ111121,
539 2915 554 2974 1
580 2918 641 2976 ‘tot
663 2910 859 2976 animalium
882 2908 1070 2972 ferocitates
1094 2906 1201 2971 uectio
1225 2905 1298 2970 Deo
1320 2904 1427 2969 iactae

195 3011 291 3078 sunt’.
314 3047 357 3060 -
378 3012 616 3079 *uiduatust
640 3013 750 3090 Lucu,
773 3011 858 3077 Vitr.
875 3010 917 3090 V,
941 2995 1013 3087 7,’7
1039 3010 1077 3074 ‘si
1099 3008 1298 3074 architectus
1321 3007 1424 3086 ..in-

195 3114 291 3196 genio
313 3115 430 3180 mobili
452 3115 669 3199 solertiaeque
691 3135 757 3181 non
781 3114 882 3180 fuerit
904 3111 1078 3178 uiduatus’.
1103 3149 1138 3158 ·-
1172 3108 1425 3190 ¹³⁰uitiator2

196 3213 275 3285 San.
298 3217 392 3296 rhet,
421 3216 535 3299 Quint.
561 3218 642 3284 decl.
668 3217 732 3282 284
755 3217 900 3283 ‘uitiator
922 3215 1070 3301 pupillae
1092 3211 1200 3289 tutor',
1233 3210 1305 3288 309,
1339 3210 1423 3294 Aug.

195 3317 277 3402 (ΠΙ).
299 3341 337 3368 ·-
364 3321 647 3386 unanimitas:
674 3319 807 3394 Pacuu„
831 3319 918 3395 Isiu„
941 3317 1118 3384 Hilffrin.
1134 3317 1159 3393 I,
1175 3312 1217 3379 28
1233 3312 1426 3379 ‘uoluntatis

195 3422 307 3504 potius
330 3428 364 3487 et
385 3422 618 3487 unanimitatis
640 3440 740 3503 quam
769 3420 956 3486 diuinitatis
985 3425 1139 3484 usserunt
1167 3416 1354 3482 ueritatem'
1384 3416 1426 3479 al.

198 3557 242 3571 -
265 3523 489 3590 uniuersa:
521 3522 598 3600 Oia,
621 3524 706 3606 App.
732 3522 839 3606 dogm.
864 3520 951 3586 Plat.
974 3519 1017 3588 III
1039 3542 1068 3604 p.
1093 3519 1166 3585 263.
1200 3556 1239 3568 -
1276 3517 1425 3598 ,1111111-

195 3628 318 3692 cotio.-
345 3625 452 3693 Hilar.
476 3627 511 3690 in
534 3625 653 3689 Matth.
676 3627 705 3703 4,
731 3624 771 3688 15
794 3624 973 3689 ‘confitenti
996 3643 1137 3706 magnae
1159 3621 1194 3686 in
1217 3621 1306 3685 coelo
1328 3639 1424 3685 uoca-

195 3731 298 3796 tionis
320 3729 460 3814 gloriam
482 3726 662 3812 pollicetur'
685 3727 739 3806 al,
762 3725 864 3806 Hier„
888 3727 974 3809 Aug.
