<?xml version="1.0" encoding="UTF-8"?>
<!DOCTYPE html PUBLIC "-//W3C//DTD XHTML 1.0 Transitional//EN"
    "http://www.w3.org/TR/xhtml1/DTD/xhtml1-transitional.dtd">
<html xmlns="http://www.w3.org/1999/xhtml" xml:lang="en" lang="en">
 <head>
  <title>
</title>
<meta http-equiv="Content-Type" content="text/html;charset=utf-8" />
  <meta name='ocr-system' content='tesseract 3.04.00' />
  <meta name='ocr-capabilities' content='ocr_page ocr_carea ocr_par ocr_line ocrx_word'/>
</head>
<body>
  <div class='ocr_page' id='page_1' title='image "./meletematalexis00paucgoog_0061.png"; bbox 0 0 3244 5024; ppageno 0'>
   <div class='ocr_carea' id='block_1_1' title="bbox 687 338 955 410">
    <p class='ocr_par' dir='ltr' id='par_1_1' title="bbox 687 338 955 410">
     <span class='ocr_line' id='line_1_1' title="bbox 687 338 955 410; baseline 0.007 -2"><span class='ocrx_word' id='word_1_1' title='bbox 687 338 955 410; x_wconf 85' lang='lat'>-48-·</span> 
     </span>
    </p>
   </div>
   <div class='ocr_carea' id='block_1_2' title="bbox 203 543 1431 1033">
    <p class='ocr_par' dir='ltr' id='par_1_2' title="bbox 204 543 298 607">
     <span class='ocr_line' id='line_1_2' title="bbox 204 543 298 607; baseline -0.011 -2"><span class='ocrx_word' id='word_1_2' title='bbox 204 543 298 607; x_wconf 82' lang='lat' dir='ltr'>cett:</span> 
     </span>
    </p>

    <p class='ocr_par' dir='ltr' id='par_1_3' title="bbox 203 635 1431 1033">
     <span class='ocr_line' id='line_1_3' title="bbox 203 635 1431 723; baseline -0.001 -17"><span class='ocrx_word' id='word_1_3' title='bbox 203 641 295 706; x_wconf 89' lang='lat' dir='ltr'>uatio</span> <span class='ocrx_word' id='word_1_4' title='bbox 317 638 386 706; x_wconf 77' lang='lat' dir='ltr'>(lic.</span> <span class='ocrx_word' id='word_1_5' title='bbox 415 638 622 722; x_wconf 88' lang='lat' dir='ltr'>¹¹¹⁰prcbatio</span> <span class='ocrx_word' id='word_1_6' title='bbox 643 635 686 704; x_wconf 90' lang='lat' dir='ltr'>id.</span> <span class='ocrx_word' id='word_1_7' title='bbox 710 638 904 722; x_wconf 71' lang='lat' dir='ltr'>proclinatio</span> <span class='ocrx_word' id='word_1_8' title='bbox 919 640 960 705; x_wconf 89' lang='lat' dir='ltr'>V.</span> <span class='ocrx_word' id='word_1_9' title='bbox 982 641 1148 723; x_wconf 72' lang='lat' dir='ltr'>processio</span> <span class='ocrx_word' id='word_1_10' title='bbox 1164 639 1232 705; x_wconf 85' lang='lat' dir='ltr'>(lic.</span> <span class='ocrx_word' id='word_1_11' title='bbox 1254 641 1431 723; x_wconf 88' lang='lat' dir='ltr'>procrasti-</span> 
     </span>
     <span class='ocr_line' id='line_1_4' title="bbox 203 739 1430 824; baseline 0 -17"><span class='ocrx_word' id='word_1_12' title='bbox 203 742 295 807; x_wconf 89' lang='lat' dir='ltr'>natio</span> <span class='ocrx_word' id='word_1_13' title='bbox 306 740 349 806; x_wconf 91' lang='lat' dir='ltr'>id.</span> <span class='ocrx_word' id='word_1_14' title='bbox 372 742 551 824; x_wconf 90' lang='lat' dir='ltr'>procreatio</span> <span class='ocrx_word' id='word_1_15' title='bbox 562 740 605 806; x_wconf 91' lang='lat' dir='ltr'>id.</span> <span class='ocrx_word' id='word_1_16' title='bbox 628 739 839 822; x_wconf 88' lang='lat' dir='ltr'>proculcatio.</span> <span class='ocrx_word' id='word_1_17' title='bbox 861 742 1047 823; x_wconf 92' lang='lat' dir='ltr'>procuratio</span> <span class='ocrx_word' id='word_1_18' title='bbox 1056 741 1123 808; x_wconf 76' lang='lat' dir='ltr'>(iic.</span> <span class='ocrx_word' id='word_1_19' title='bbox 1139 742 1343 824; x_wconf 86' lang='lat' dir='ltr'>procursatio</span> <span class='ocrx_word' id='word_1_20' title='bbox 1351 743 1430 808; x_wconf 74' lang='lat' dir='ltr'>Iria.</span> 
     </span>
     <span class='ocr_line' id='line_1_5' title="bbox 203 831 1431 927; baseline -0.001 -18"><span class='ocrx_word' id='word_1_21' title='bbox 203 831 380 927; x_wconf 86' lang='lat' dir='ltr'>procursio.</span> <span class='ocrx_word' id='word_1_22' title='bbox 403 842 544 926; x_wconf 84' lang='lat' dir='ltr'>proditio</span> <span class='ocrx_word' id='word_1_23' title='bbox 567 841 648 922; x_wconf 79' lang='lat' dir='ltr'>oar„</span> <span class='ocrx_word' id='word_1_24' title='bbox 673 840 739 908; x_wconf 80' lang='lat' dir='ltr'>Cic.</span> <span class='ocrx_word' id='word_1_25' title='bbox 768 842 998 925; x_wconf 87' lang='lat' dir='ltr'>¹¹²⁰productio</span> <span class='ocrx_word' id='word_1_26' title='bbox 1018 841 1085 910; x_wconf 80' lang='lat' dir='ltr'>Oic.</span> <span class='ocrx_word' id='word_1_27' title='bbox 1108 843 1266 926; x_wconf 85' lang='lat' dir='ltr'>profectio</span> <span class='ocrx_word' id='word_1_28' title='bbox 1288 843 1332 911; x_wconf 90' lang='lat' dir='ltr'>id.</span> <span class='ocrx_word' id='word_1_29' title='bbox 1354 865 1431 927; x_wconf 89' lang='lat' dir='ltr'>prc-</span> 
     </span>
     <span class='ocr_line' id='line_1_6' title="bbox 203 944 1430 1033; baseline 0.002 -24"><span class='ocrx_word' id='word_1_30' title='bbox 203 945 302 1033; x_wconf 72' lang='lat' dir='ltr'>fessio</span> <span class='ocrx_word' id='word_1_31' title='bbox 323 944 366 1010; x_wconf 89' lang='lat' dir='ltr'>id.</span> <span class='ocrx_word' id='word_1_32' title='bbox 392 946 541 1027; x_wconf 90' lang='lat' dir='ltr'>profusio</span> <span class='ocrx_word' id='word_1_33' title='bbox 564 944 604 1009; x_wconf 84' lang='lat' dir='ltr'>V.</span> <span class='ocrx_word' id='word_1_34' title='bbox 626 945 863 1029; x_wconf 79' lang='lat' dir='ltr'><strong>progeneratio.</strong></span> <span class='ocrx_word' id='word_1_35' title='bbox 886 945 1071 1028; x_wconf 82' lang='lat' dir='ltr'>progressio</span> <span class='ocrx_word' id='word_1_36' title='bbox 1094 945 1161 1012; x_wconf 77' lang='lat' dir='ltr'>(lic.</span> <span class='ocrx_word' id='word_1_37' title='bbox 1184 945 1363 1028; x_wconf 79' lang='lat' dir='ltr'>prohibitio</span> <span class='ocrx_word' id='word_1_38' title='bbox 1385 945 1430 1012; x_wconf 90' lang='lat' dir='ltr'>id.</span> 
     </span>
    </p>
   </div>
   <div class='ocr_carea' id='block_1_3' title="bbox 91 1046 1500 1337">
    <p class='ocr_par' dir='ltr' id='par_1_4' title="bbox 91 1046 1500 1337">
     <span class='ocr_line' id='line_1_7' title="bbox 203 1046 1500 1131; baseline 0.005 -21"><span class='ocrx_word' id='word_1_39' title='bbox 203 1047 360 1130; x_wconf 90' lang='lat' dir='ltr'>proiectio</span> <span class='ocrx_word' id='word_1_40' title='bbox 388 1046 432 1112; x_wconf 90' lang='lat' dir='ltr'>id.</span> <span class='ocrx_word' id='word_1_41' title='bbox 468 1047 636 1130; x_wconf 82' lang='lat' dir='ltr'>prolapsio</span> <span class='ocrx_word' id='word_1_42' title='bbox 664 1047 708 1111; x_wconf 92' lang='lat' dir='ltr'>id.</span> <span class='ocrx_word' id='word_1_43' title='bbox 746 1047 888 1130; x_wconf 91' lang='lat' dir='ltr'>prolatio</span> <span class='ocrx_word' id='word_1_44' title='bbox 910 1046 988 1126; x_wconf 90' lang='lat' dir='ltr'>Plt.,</span> <span class='ocrx_word' id='word_1_45' title='bbox 1018 1046 1087 1114; x_wconf 79' lang='lat' dir='ltr'>(lic.</span> <span class='ocrx_word' id='word_1_46' title='bbox 1130 1052 1183 1092; x_wconf 81' lang='lat'><strong>¹¹³⁰</strong></span> <span class='ocrx_word' id='word_1_47' title='bbox 1191 1049 1340 1131; x_wconf 90' lang='lat' dir='ltr'>prolusio</span> <span class='ocrx_word' id='word_1_48' title='bbox 1363 1047 1430 1114; x_wconf 78' lang='lat' dir='ltr'>cic.</span> <span class='ocrx_word' id='word_1_49' title='bbox 1493 1105 1500 1116; x_wconf 96' lang='lat'>.</span> 
     </span>
     <span class='ocr_line' id='line_1_8' title="bbox 113 1149 1431 1234; baseline 0.002 -22"><span class='ocrx_word' id='word_1_50' title='bbox 113 1223 117 1230; x_wconf 31' lang='grc' dir='ltr'>Ι</span> <span class='ocrx_word' id='word_1_51' title='bbox 202 1150 378 1234; x_wconf 85' lang='lat' dir='ltr'>promissio</span> <span class='ocrx_word' id='word_1_52' title='bbox 404 1150 448 1214; x_wconf 91' lang='lat' dir='ltr'>id.</span> <span class='ocrx_word' id='word_1_53' title='bbox 487 1150 710 1233; x_wconf 81' lang='lat' dir='ltr'>promulgatio</span> <span class='ocrx_word' id='word_1_54' title='bbox 732 1149 776 1214; x_wconf 92' lang='lat' dir='ltr'>id.</span> <span class='ocrx_word' id='word_1_55' title='bbox 811 1149 1054 1233; x_wconf 88' lang='lat' dir='ltr'>pronominatio</span> <span class='ocrx_word' id='word_1_56' title='bbox 1081 1149 1136 1214; x_wconf 84' lang='lat' dir='ltr'>Ad</span> <span class='ocrx_word' id='word_1_57' title='bbox 1162 1149 1241 1216; x_wconf 87' lang='lat' dir='ltr'>Her.</span> <span class='ocrx_word' id='word_1_58' title='bbox 1283 1171 1431 1233; x_wconf 89' lang='lat' dir='ltr'>pronun·</span> 
     </span>
     <span class='ocr_line' id='line_1_9' title="bbox 91 1249 1432 1337; baseline 0.001 -22"><span class='ocrx_word' id='word_1_59' title='bbox 91 1260 94 1266; x_wconf 86' lang='lat'>&#39;</span> <span class='ocrx_word' id='word_1_60' title='bbox 203 1251 297 1316; x_wconf 90' lang='lat' dir='ltr'>tiatio</span> <span class='ocrx_word' id='word_1_61' title='bbox 319 1249 389 1316; x_wconf 74' lang='lat' dir='ltr'>(lic.</span> <span class='ocrx_word' id='word_1_62' title='bbox 418 1253 611 1335; x_wconf 76' lang='lat' dir='ltr'>propagatio</span> <span class='ocrx_word' id='word_1_63' title='bbox 632 1251 677 1318; x_wconf 90' lang='lat' dir='ltr'>id.</span> <span class='ocrx_word' id='word_1_64' title='bbox 710 1252 886 1337; x_wconf 83' lang='lat' dir='ltr'>propensio</span> <span class='ocrx_word' id='word_1_65' title='bbox 907 1251 952 1316; x_wconf 90' lang='lat' dir='ltr'>id.</span> <span class='ocrx_word' id='word_1_66' title='bbox 976 1273 1001 1318; x_wconf 89' lang='lat' dir='ltr'>s.</span> <span class='ocrx_word' id='word_1_67' title='bbox 1036 1252 1223 1337; x_wconf 81' lang='lat' dir='ltr'>properatio</span> <span class='ocrx_word' id='word_1_68' title='bbox 1245 1251 1289 1318; x_wconf 91' lang='lat' dir='ltr'>id.</span> <span class='ocrx_word' id='word_1_69' title='bbox 1321 1252 1432 1335; x_wconf 92' lang='lat' dir='ltr'>propi·</span> 
     </span>
    </p>
   </div>
   <div class='ocr_carea' id='block_1_4' title="bbox 201 1352 1430 1744">
    <p class='ocr_par' dir='ltr' id='par_1_5' title="bbox 201 1352 1430 1744">
     <span class='ocr_line' id='line_1_10' title="bbox 203 1352 1430 1437; baseline 0.003 -20"><span class='ocrx_word' id='word_1_70' title='bbox 203 1352 304 1418; x_wconf 89' lang='lat' dir='ltr'>natio.</span> <span class='ocrx_word' id='word_1_71' title='bbox 337 1354 515 1436; x_wconf 82' lang='lat' dir='ltr'>propositio</span> <span class='ocrx_word' id='word_1_72' title='bbox 539 1352 606 1419; x_wconf 78' lang='lat' dir='ltr'>(lic.</span> <span class='ocrx_word' id='word_1_73' title='bbox 636 1354 913 1437; x_wconf 83' lang='lat' dir='ltr'>¹¹⁴⁰propug1&#39;ratio</span> <span class='ocrx_word' id='word_1_74' title='bbox 936 1353 979 1421; x_wconf 87' lang='lat' dir='ltr'>id.</span> <span class='ocrx_word' id='word_1_75' title='bbox 1014 1353 1217 1436; x_wconf 76' lang='lat' dir='ltr'>propulsatio</span> <span class='ocrx_word' id='word_1_76' title='bbox 1237 1353 1280 1418; x_wconf 91' lang='lat' dir='ltr'>id.</span> <span class='ocrx_word' id='word_1_77' title='bbox 1315 1375 1430 1437; x_wconf 92' lang='lat' dir='ltr'>proro-</span> 
     </span>
     <span class='ocr_line' id='line_1_11' title="bbox 203 1454 1430 1540; baseline 0.001 -20"><span class='ocrx_word' id='word_1_78' title='bbox 203 1455 292 1538; x_wconf 89' lang='lat' dir='ltr'>gatio</span> <span class='ocrx_word' id='word_1_79' title='bbox 318 1455 361 1520; x_wconf 88' lang='lat' dir='ltr'>id.</span> <span class='ocrx_word' id='word_1_80' title='bbox 398 1456 583 1539; x_wconf 82' lang='lat' dir='ltr'>proscissio.</span> <span class='ocrx_word' id='word_1_81' title='bbox 607 1455 754 1538; x_wconf 90' lang='lat' dir='ltr'>prouisio</span> <span class='ocrx_word' id='word_1_82' title='bbox 782 1454 850 1520; x_wconf 79' lang='lat' dir='ltr'>(lic.</span> <span class='ocrx_word' id='word_1_83' title='bbox 886 1455 1076 1540; x_wconf 88' lang='lat' dir='ltr'>prouocatio</span> <span class='ocrx_word' id='word_1_84' title='bbox 1103 1454 1146 1521; x_wconf 92' lang='lat' dir='ltr'>id.</span> <span class='ocrx_word' id='word_1_85' title='bbox 1183 1455 1365 1539; x_wconf 89' lang='lat' dir='ltr'>publicatio</span> <span class='ocrx_word' id='word_1_86' title='bbox 1386 1455 1430 1521; x_wconf 90' lang='lat' dir='ltr'>id.</span> 
     </span>
     <span class='ocr_line' id='line_1_12' title="bbox 203 1549 1427 1641; baseline 0.002 -20"><span class='ocrx_word' id='word_1_87' title='bbox 203 1549 366 1641; x_wconf 75' lang='lat' dir='ltr'>pu&#39;gilatio</span> <span class='ocrx_word' id='word_1_88' title='bbox 382 1557 426 1622; x_wconf 91' lang='lat' dir='ltr'>id.</span> <span class='ocrx_word' id='word_1_89' title='bbox 443 1577 469 1622; x_wconf 91' lang='lat' dir='ltr'>s.</span> <span class='ocrx_word' id='word_1_90' title='bbox 491 1557 640 1639; x_wconf 87' lang='lat' dir='ltr'>pallatio.</span> <span class='ocrx_word' id='word_1_91' title='bbox 665 1558 807 1640; x_wconf 89' lang='lat' dir='ltr'>pulsatio</span> <span class='ocrx_word' id='word_1_92' title='bbox 822 1557 900 1632; x_wconf 89' lang='lat' dir='ltr'>Plt.,</span> <span class='ocrx_word' id='word_1_93' title='bbox 913 1556 981 1623; x_wconf 86' lang='lat' dir='ltr'>Oic.</span> <span class='ocrx_word' id='word_1_94' title='bbox 1013 1557 1267 1640; x_wconf 85' lang='lat' dir='ltr'>¹¹⁵⁰pulueratio.</span> <span class='ocrx_word' id='word_1_95' title='bbox 1289 1557 1427 1641; x_wconf 90' lang='lat' dir='ltr'>punctio.</span> 
     </span>
     <span class='ocr_line' id='line_1_13' title="bbox 201 1656 1216 1744; baseline 0.002 -21"><span class='ocrx_word' id='word_1_96' title='bbox 201 1659 340 1743; x_wconf 89' lang='lat' dir='ltr'>punitio.</span> <span class='ocrx_word' id='word_1_97' title='bbox 376 1659 532 1743; x_wconf 87' lang='lat' dir='ltr'>purgatio</span> <span class='ocrx_word' id='word_1_98' title='bbox 553 1658 637 1736; x_wconf 70' lang='lat' dir='ltr'>Ter.¹</span> <span class='ocrx_word' id='word_1_99' title='bbox 661 1658 728 1726; x_wconf 80' lang='lat' dir='ltr'>Cic.</span> <span class='ocrx_word' id='word_1_100' title='bbox 766 1659 960 1744; x_wconf 91' lang='lat' dir='ltr'>purificatio.</span> <span class='ocrx_word' id='word_1_101' title='bbox 997 1659 1126 1741; x_wconf 91' lang='lat' dir='ltr'>putatio</span> <span class='ocrx_word' id='word_1_102' title='bbox 1149 1656 1216 1726; x_wconf 77' lang='lat' dir='ltr'>uic.</span> 
     </span>
    </p>
   </div>
   <div class='ocr_carea' id='block_1_5' title="bbox 210 1825 1430 2016">
    <p class='ocr_par' dir='ltr' id='par_1_6' title="bbox 210 1825 1430 2016">
     <span class='ocr_line' id='line_1_14' title="bbox 306 1825 1430 1913; baseline 0.002 -19"><span class='ocrx_word' id='word_1_103' title='bbox 306 1827 489 1910; x_wconf 78' lang='lat' dir='ltr'>Quadratio</span> <span class='ocrx_word' id='word_1_104' title='bbox 512 1829 553 1894; x_wconf 86' lang='lat' dir='ltr'>V.</span> <span class='ocrx_word' id='word_1_105' title='bbox 585 1829 757 1911; x_wconf 88' lang='lat' dir='ltr'>quaesitio.</span> <span class='ocrx_word' id='word_1_106' title='bbox 786 1825 938 1912; x_wconf 63' lang='lat' dir='ltr'>quaestio</span> <span class='ocrx_word' id='word_1_107' title='bbox 961 1829 1038 1906; x_wconf 89' lang='lat' dir='ltr'>Plt.,</span> <span class='ocrx_word' id='word_1_108' title='bbox 1052 1828 1133 1905; x_wconf 75' lang='lat' dir='ltr'>,oio</span> <span class='ocrx_word' id='word_1_109' title='bbox 1165 1831 1332 1913; x_wconf 88' lang='lat' dir='ltr'>quassatio</span> <span class='ocrx_word' id='word_1_110' title='bbox 1355 1831 1430 1896; x_wconf 88' lang='lat' dir='ltr'>Liu.</span> 
     </span>
     <span class='ocr_line' id='line_1_15' title="bbox 210 1931 584 2016; baseline 0.003 -20"><span class='ocrx_word' id='word_1_111' title='bbox 210 1932 435 2016; x_wconf 75' lang='lat' dir='ltr'>¹¹⁶0quiritatio</span> <span class='ocrx_word' id='word_1_112' title='bbox 458 1931 534 1997; x_wconf 90' lang='lat' dir='ltr'>Liu.</span> <span class='ocrx_word' id='word_1_113' title='bbox 558 1952 584 1998; x_wconf 89' lang='lat' dir='ltr'>s.</span> 
     </span>
    </p>
   </div>
   <div class='ocr_carea' id='block_1_6' title="bbox 162 2099 1432 3103">
    <p class='ocr_par' dir='ltr' id='par_1_7' title="bbox 162 2099 1432 3103">
     <span class='ocr_line' id='line_1_16' title="bbox 305 2099 1429 2185; baseline 0 -18"><span class='ocrx_word' id='word_1_114' title='bbox 305 2101 471 2168; x_wconf 87' lang='lat' dir='ltr'>Radiatio.</span> <span class='ocrx_word' id='word_1_115' title='bbox 493 2102 603 2185; x_wconf 86' lang='lat' dir='ltr'>raptio</span> <span class='ocrx_word' id='word_1_116' title='bbox 625 2101 697 2168; x_wconf 71' lang='lat' dir='ltr'>Ter.</span> <span class='ocrx_word' id='word_1_117' title='bbox 721 2103 807 2167; x_wconf 89' lang='lat' dir='ltr'>ratio</span> <span class='ocrx_word' id='word_1_118' title='bbox 828 2101 908 2179; x_wconf 93' lang='lat' dir='ltr'>Plt.,</span> <span class='ocrx_word' id='word_1_119' title='bbox 930 2103 1014 2180; x_wconf 72' lang='lat' dir='ltr'>Ter..</span> <span class='ocrx_word' id='word_1_120' title='bbox 1037 2101 1104 2166; x_wconf 83' lang='lat' dir='ltr'>Cic.</span> <span class='ocrx_word' id='word_1_121' title='bbox 1131 2102 1340 2166; x_wconf 90' lang='lat' dir='ltr'>ratiocinatio</span> <span class='ocrx_word' id='word_1_122' title='bbox 1362 2099 1429 2168; x_wconf 77' lang='lat' dir='ltr'>(lic.</span> 
     </span>
     <span class='ocr_line' id='line_1_17' title="bbox 201 2203 1431 2287; baseline 0.001 -18"><span class='ocrx_word' id='word_1_123' title='bbox 201 2204 383 2270; x_wconf 81' lang='lat' dir='ltr'>rebellatio.</span> <span class='ocrx_word' id='word_1_124' title='bbox 420 2205 567 2269; x_wconf 87' lang='lat' dir='ltr'>recensio</span> <span class='ocrx_word' id='word_1_125' title='bbox 597 2203 664 2270; x_wconf 83' lang='lat' dir='ltr'>Oic.</span> <span class='ocrx_word' id='word_1_126' title='bbox 698 2206 839 2287; x_wconf 87' lang='lat' dir='ltr'>receptio</span> <span class='ocrx_word' id='word_1_127' title='bbox 869 2203 935 2269; x_wconf 92' lang='lat' dir='ltr'>Plt.</span> <span class='ocrx_word' id='word_1_128' title='bbox 970 2205 1108 2268; x_wconf 88' lang='lat' dir='ltr'>recessio</span> <span class='ocrx_word' id='word_1_129' title='bbox 1131 2204 1172 2269; x_wconf 91' lang='lat' dir='ltr'>V.</span> <span class='ocrx_word' id='word_1_130' title='bbox 1206 2205 1431 2287; x_wconf 89' lang='lat' dir='ltr'>reciprocatio.</span> 
     </span>
     <span class='ocr_line' id='line_1_18' title="bbox 209 2303 1431 2388; baseline 0 -18"><span class='ocrx_word' id='word_1_131' title='bbox 209 2307 385 2371; x_wconf 76' lang='lat' dir='ltr'>¹¹³⁰recisio</span> <span class='ocrx_word' id='word_1_132' title='bbox 421 2307 573 2370; x_wconf 79' lang='lat' dir='ltr'>recitatio</span> <span class='ocrx_word' id='word_1_133' title='bbox 595 2303 662 2372; x_wconf 82' lang='lat' dir='ltr'>Oic.</span> <span class='ocrx_word' id='word_1_134' title='bbox 691 2307 883 2371; x_wconf 89' lang='lat' dir='ltr'>reclamatio</span> <span class='ocrx_word' id='word_1_135' title='bbox 908 2306 951 2371; x_wconf 91' lang='lat' dir='ltr'>id.</span> <span class='ocrx_word' id='word_1_136' title='bbox 979 2307 1162 2388; x_wconf 82' lang='lat' dir='ltr'>recognitio</span> <span class='ocrx_word' id='word_1_137' title='bbox 1182 2305 1257 2370; x_wconf 85' lang='lat' dir='ltr'>Liu.</span> <span class='ocrx_word' id='word_1_138' title='bbox 1286 2307 1431 2372; x_wconf 87' lang='lat' dir='ltr'>reconci-</span> 
     </span>
     <span class='ocr_line' id='line_1_19' title="bbox 162 2405 1429 2492; baseline 0 -20"><span class='ocrx_word' id='word_1_139' title='bbox 162 2469 164 2472; x_wconf 84' lang='lat'>.</span> <span class='ocrx_word' id='word_1_140' title='bbox 202 2407 293 2474; x_wconf 88' lang='lat' dir='ltr'>liatio</span> <span class='ocrx_word' id='word_1_141' title='bbox 316 2405 383 2474; x_wconf 80' lang='lat' dir='ltr'>cic.</span> <span class='ocrx_word' id='word_1_142' title='bbox 407 2408 587 2473; x_wconf 82' lang='lat' dir='ltr'>recordatio</span> <span class='ocrx_word' id='word_1_143' title='bbox 609 2407 652 2474; x_wconf 90' lang='lat' dir='ltr'>id.</span> <span class='ocrx_word' id='word_1_144' title='bbox 676 2409 842 2474; x_wconf 83' lang='lat' dir='ltr'>recreatio.</span> <span class='ocrx_word' id='word_1_145' title='bbox 866 2408 967 2473; x_wconf 91' lang='lat' dir='ltr'>rectio</span> <span class='ocrx_word' id='word_1_146' title='bbox 988 2406 1055 2474; x_wconf 86' lang='lat' dir='ltr'>Oic.</span> <span class='ocrx_word' id='word_1_147' title='bbox 1080 2412 1127 2492; x_wconf 89' lang='lat' dir='ltr'>(et</span> <span class='ocrx_word' id='word_1_148' title='bbox 1148 2409 1270 2491; x_wconf 80' lang='lat' dir='ltr'>inser).</span> <span class='ocrx_word' id='word_1_149' title='bbox 1294 2429 1429 2490; x_wconf 90' lang='lat' dir='ltr'>recupe-</span> 
     </span>
     <span class='ocr_line' id='line_1_20' title="bbox 204 2507 1431 2593; baseline 0.002 -20"><span class='ocrx_word' id='word_1_150' title='bbox 204 2511 287 2575; x_wconf 88' lang='lat' dir='ltr'>ratio</span> <span class='ocrx_word' id='word_1_151' title='bbox 319 2511 363 2576; x_wconf 91' lang='lat' dir='ltr'>id.</span> <span class='ocrx_word' id='word_1_152' title='bbox 402 2511 565 2575; x_wconf 85' lang='lat' dir='ltr'>recusatio</span> <span class='ocrx_word' id='word_1_153' title='bbox 598 2509 641 2576; x_wconf 91' lang='lat' dir='ltr'>id.</span> <span class='ocrx_word' id='word_1_154' title='bbox 684 2507 890 2575; x_wconf 84' lang='lat' dir='ltr'>¹¹⁸0redditio.</span> <span class='ocrx_word' id='word_1_155' title='bbox 925 2509 1106 2593; x_wconf 89' lang='lat' dir='ltr'>redemptio</span> <span class='ocrx_word' id='word_1_156' title='bbox 1140 2508 1208 2574; x_wconf 76' lang='lat' dir='ltr'>(lic.</span> <span class='ocrx_word' id='word_1_157' title='bbox 1243 2510 1431 2576; x_wconf 86' lang='lat' dir='ltr'>redhibitio.</span> 
     </span>
     <span class='ocr_line' id='line_1_21' title="bbox 204 2609 1432 2694; baseline -0.002 -18"><span class='ocrx_word' id='word_1_158' title='bbox 204 2610 441 2694; x_wconf 88' lang='lat' dir='ltr'>redintegratio</span> <span class='ocrx_word' id='word_1_159' title='bbox 472 2611 525 2676; x_wconf 83' lang='lat' dir='ltr'>Ac</span> <span class='ocrx_word' id='word_1_160' title='bbox 558 2610 637 2677; x_wconf 90' lang='lat' dir='ltr'>Her.</span> <span class='ocrx_word' id='word_1_161' title='bbox 670 2611 788 2676; x_wconf 88' lang='lat' dir='ltr'>reditio</span> <span class='ocrx_word' id='word_1_162' title='bbox 812 2609 913 2688; x_wconf 77' lang='lat' dir='ltr'>(lom,</span> <span class='ocrx_word' id='word_1_163' title='bbox 945 2609 1012 2676; x_wconf 86' lang='lat' dir='ltr'>Oic.</span> <span class='ocrx_word' id='word_1_164' title='bbox 1047 2610 1247 2678; x_wconf 85' lang='lat' dir='ltr'>redormitio.</span> <span class='ocrx_word' id='word_1_165' title='bbox 1281 2610 1432 2674; x_wconf 89' lang='lat' dir='ltr'>reductio</span> 
     </span>
     <span class='ocr_line' id='line_1_22' title="bbox 204 2710 1426 2779; baseline -0.002 0"><span class='ocrx_word' id='word_1_166' title='bbox 204 2711 270 2779; x_wconf 79' lang='lat' dir='ltr'>(tc.</span> <span class='ocrx_word' id='word_1_167' title='bbox 298 2711 493 2778; x_wconf 90' lang='lat' dir='ltr'>redundatio</span> <span class='ocrx_word' id='word_1_168' title='bbox 514 2713 557 2779; x_wconf 87' lang='lat' dir='ltr'>V.</span> <span class='ocrx_word' id='word_1_169' title='bbox 584 2713 719 2778; x_wconf 89' lang='lat' dir='ltr'>refectio</span> <span class='ocrx_word' id='word_1_170' title='bbox 745 2713 789 2779; x_wconf 90' lang='lat' dir='ltr'>id.</span> <span class='ocrx_word' id='word_1_171' title='bbox 818 2713 1016 2778; x_wconf 87' lang='lat' dir='ltr'>reformatio.</span> <span class='ocrx_word' id='word_1_172' title='bbox 1051 2711 1333 2777; x_wconf 83' lang='lat' dir='ltr'>¹¹⁰⁰reformidatio</span> <span class='ocrx_word' id='word_1_173' title='bbox 1357 2710 1426 2776; x_wconf 85' lang='lat' dir='ltr'>Oic.</span> 
     </span>
     <span class='ocr_line' id='line_1_23' title="bbox 205 2813 1431 2898; baseline -0.003 -19"><span class='ocrx_word' id='word_1_174' title='bbox 205 2836 230 2880; x_wconf 91' lang='lat' dir='ltr'>s.</span> <span class='ocrx_word' id='word_1_175' title='bbox 261 2816 446 2882; x_wconf 87' lang='lat' dir='ltr'>refrenatio.</span> <span class='ocrx_word' id='word_1_176' title='bbox 474 2815 680 2898; x_wconf 88' lang='lat' dir='ltr'>refrigeratio</span> <span class='ocrx_word' id='word_1_177' title='bbox 702 2814 769 2883; x_wconf 83' lang='lat' dir='ltr'>Oic.</span> <span class='ocrx_word' id='word_1_178' title='bbox 798 2815 955 2880; x_wconf 77' lang='lat' dir='ltr'>refutatio</span> <span class='ocrx_word' id='word_1_179' title='bbox 982 2813 1050 2880; x_wconf 77' lang='lat' dir='ltr'>cie.</span> <span class='ocrx_word' id='word_1_180' title='bbox 1078 2814 1244 2897; x_wconf 82' lang='lat' dir='ltr'>regelatio.</span> <span class='ocrx_word' id='word_1_181' title='bbox 1272 2813 1431 2896; x_wconf 88' lang='lat' dir='ltr'>regermi-</span> 
     </span>
     <span class='ocr_line' id='line_1_24' title="bbox 205 2915 1432 3001; baseline -0.001 -21"><span class='ocrx_word' id='word_1_182' title='bbox 205 2918 303 2983; x_wconf 87' lang='lat' dir='ltr'>natio.</span> <span class='ocrx_word' id='word_1_183' title='bbox 326 2918 496 3001; x_wconf 83' lang='lat' dir='ltr'>regressio.</span> <span class='ocrx_word' id='word_1_184' title='bbox 521 2917 654 2983; x_wconf 86' lang='lat' dir='ltr'>reiectio</span> <span class='ocrx_word' id='word_1_185' title='bbox 669 2915 736 2983; x_wconf 75' lang='lat' dir='ltr'>(lic.</span> <span class='ocrx_word' id='word_1_186' title='bbox 760 2917 878 2982; x_wconf 90' lang='lat' dir='ltr'>relatio</span> <span class='ocrx_word' id='word_1_187' title='bbox 898 2918 940 2982; x_wconf 90' lang='lat' dir='ltr'>id.</span> <span class='ocrx_word' id='word_1_188' title='bbox 965 2916 1126 2982; x_wconf 83' lang='lat' dir='ltr'>relaxatio</span> <span class='ocrx_word' id='word_1_189' title='bbox 1140 2917 1183 2981; x_wconf 89' lang='lat' dir='ltr'>id.</span> <span class='ocrx_word' id='word_1_190' title='bbox 1213 2916 1432 2998; x_wconf 82' lang='lat' dir='ltr'>¹²⁰⁰relegatio</span> 
     </span>
     <span class='ocr_line' id='line_1_25' title="bbox 203 3017 1432 3103; baseline -0.001 -20"><span class='ocrx_word' id='word_1_191' title='bbox 203 3017 247 3083; x_wconf 90' lang='lat' dir='ltr'>id.</span> <span class='ocrx_word' id='word_1_192' title='bbox 271 3019 395 3084; x_wconf 90' lang='lat' dir='ltr'>relictio</span> <span class='ocrx_word' id='word_1_193' title='bbox 417 3019 460 3083; x_wconf 89' lang='lat' dir='ltr'>id.</span> <span class='ocrx_word' id='word_1_194' title='bbox 484 3019 638 3103; x_wconf 85' lang='lat' dir='ltr'>religatio</span> <span class='ocrx_word' id='word_1_195' title='bbox 660 3018 704 3085; x_wconf 91' lang='lat' dir='ltr'>id.</span> <span class='ocrx_word' id='word_1_196' title='bbox 728 3040 752 3084; x_wconf 91' lang='lat' dir='ltr'>s.</span> <span class='ocrx_word' id='word_1_197' title='bbox 776 3021 942 3084; x_wconf 90' lang='lat' dir='ltr'>remansio</span> <span class='ocrx_word' id='word_1_198' title='bbox 964 3019 1007 3084; x_wconf 89' lang='lat' dir='ltr'>id.</span> <span class='ocrx_word' id='word_1_199' title='bbox 1030 3019 1230 3083; x_wconf 91' lang='lat' dir='ltr'>remediatio.</span> <span class='ocrx_word' id='word_1_200' title='bbox 1255 3017 1432 3100; x_wconf 85' lang='lat' dir='ltr'>remigatic</span> 
     </span>
    </p>
   </div>
   <div class='ocr_carea' id='block_1_7' title="bbox 205 3117 1461 3188">
    <p class='ocr_par' dir='ltr' id='par_1_8' title="bbox 205 3117 1461 3188">
     <span class='ocr_line' id='line_1_26' title="bbox 205 3117 1461 3188; baseline -0.004 -1"><span class='ocrx_word' id='word_1_201' title='bbox 205 3119 272 3188; x_wconf 83' lang='lat' dir='ltr'>Oic.</span> <span class='ocrx_word' id='word_1_202' title='bbox 296 3141 321 3186; x_wconf 88' lang='lat' dir='ltr'>s.</span> <span class='ocrx_word' id='word_1_203' title='bbox 354 3122 503 3186; x_wconf 88' lang='lat' dir='ltr'>remissio</span> <span class='ocrx_word' id='word_1_204' title='bbox 525 3120 592 3186; x_wconf 80' lang='lat' dir='ltr'>Cic.</span> <span class='ocrx_word' id='word_1_205' title='bbox 626 3121 763 3187; x_wconf 90' lang='lat' dir='ltr'>remotio</span> <span class='ocrx_word' id='word_1_206' title='bbox 792 3121 835 3187; x_wconf 91' lang='lat' dir='ltr'>id.</span> <span class='ocrx_word' id='word_1_207' title='bbox 867 3123 1089 3187; x_wconf 88' lang='lat' dir='ltr'>remuneratio</span> <span class='ocrx_word' id='word_1_208' title='bbox 1118 3120 1161 3184; x_wconf 91' lang='lat' dir='ltr'>id.</span> <span class='ocrx_word' id='word_1_209' title='bbox 1194 3120 1364 3185; x_wconf 89' lang='lat' dir='ltr'>renouatio</span> <span class='ocrx_word' id='word_1_210' title='bbox 1387 3117 1461 3184; x_wconf 83' lang='lat' dir='ltr'>id.-</span> 
     </span>
    </p>
   </div>
   <div class='ocr_carea' id='block_1_8' title="bbox 139 3221 1433 4206">
    <p class='ocr_par' dir='ltr' id='par_1_9' title="bbox 139 3221 1433 4206">
     <span class='ocr_line' id='line_1_27' title="bbox 210 3221 1429 3306; baseline 0.001 -19"><span class='ocrx_word' id='word_1_211' title='bbox 210 3223 468 3287; x_wconf 85' lang='lat' dir='ltr'>¹²¹⁰rcnuntiatio</span> <span class='ocrx_word' id='word_1_212' title='bbox 503 3222 548 3288; x_wconf 89' lang='lat' dir='ltr'>id.</span> <span class='ocrx_word' id='word_1_213' title='bbox 584 3222 799 3305; x_wconf 85' lang='lat' dir='ltr'>repastinatio</span> <span class='ocrx_word' id='word_1_214' title='bbox 835 3223 879 3289; x_wconf 91' lang='lat' dir='ltr'>id.</span> <span class='ocrx_word' id='word_1_215' title='bbox 918 3225 1132 3306; x_wconf 87' lang='lat' dir='ltr'>repercussio.</span> <span class='ocrx_word' id='word_1_216' title='bbox 1170 3222 1324 3306; x_wconf 89' lang='lat' dir='ltr'>repetitio</span> <span class='ocrx_word' id='word_1_217' title='bbox 1361 3221 1429 3288; x_wconf 83' lang='lat' dir='ltr'>Oic.</span> 
     </span>
     <span class='ocr_line' id='line_1_28' title="bbox 205 3324 1432 3409; baseline -0.002 -21"><span class='ocrx_word' id='word_1_218' title='bbox 205 3324 374 3406; x_wconf 86' lang='lat' dir='ltr'>replicatio</span> <span class='ocrx_word' id='word_1_219' title='bbox 406 3324 451 3392; x_wconf 89' lang='lat' dir='ltr'>id.</span> <span class='ocrx_word' id='word_1_220' title='bbox 494 3326 754 3407; x_wconf 87' lang='lat' dir='ltr'>repraesentatio</span> <span class='ocrx_word' id='word_1_221' title='bbox 783 3325 836 3391; x_wconf 87' lang='lat' dir='ltr'>id.</span> <span class='ocrx_word' id='word_1_222' title='bbox 877 3325 1094 3409; x_wconf 86' lang='lat' dir='ltr'>reprehensio</span> <span class='ocrx_word' id='word_1_223' title='bbox 1130 3325 1172 3390; x_wconf 91' lang='lat' dir='ltr'>id.</span> <span class='ocrx_word' id='word_1_224' title='bbox 1216 3324 1432 3408; x_wconf 89' lang='lat' dir='ltr'>repromissio</span> 
     </span>
     <span class='ocr_line' id='line_1_29' title="bbox 196 3423 1431 3511; baseline -0.008 -12"><span class='ocrx_word' id='word_1_225' title='bbox 196 3423 248 3498; x_wconf 88' lang='lat' dir='ltr'>.id.</span> <span class='ocrx_word' id='word_1_226' title='bbox 272 3442 334 3506; x_wconf 79' lang='lat' dir='ltr'>(flu.</span> <span class='ocrx_word' id='word_1_227' title='bbox 353 3444 378 3493; x_wconf 81' lang='lat' dir='ltr'>in</span> <span class='ocrx_word' id='word_1_228' title='bbox 396 3460 434 3510; x_wconf 79' lang='lat' dir='ltr'>ps.</span> <span class='ocrx_word' id='word_1_229' title='bbox 451 3443 493 3506; x_wconf 82' lang='lat'>31,</span> <span class='ocrx_word' id='word_1_230' title='bbox 511 3444 537 3504; x_wconf 80' lang='lat'>4,</span> <span class='ocrx_word' id='word_1_231' title='bbox 554 3445 596 3505; x_wconf 77' lang='lat'>41,</span> <span class='ocrx_word' id='word_1_232' title='bbox 613 3444 638 3501; x_wconf 78' lang='lat' dir='ltr'>a.</span> <span class='ocrx_word' id='word_1_233' title='bbox 658 3443 752 3511; x_wconf 67' lang='lat' dir='ltr'>vag).</span> <span class='ocrx_word' id='word_1_234' title='bbox 780 3428 933 3510; x_wconf 88' lang='lat' dir='ltr'>reptatio.</span> <span class='ocrx_word' id='word_1_235' title='bbox 965 3428 1150 3510; x_wconf 90' lang='lat' dir='ltr'>repudiatio</span> <span class='ocrx_word' id='word_1_236' title='bbox 1172 3426 1239 3492; x_wconf 78' lang='lat' dir='ltr'>(lic.</span> <span class='ocrx_word' id='word_1_237' title='bbox 1275 3428 1326 3468; x_wconf 85' lang='lat'>¹²²⁰</span> <span class='ocrx_word' id='word_1_238' title='bbox 1334 3446 1431 3509; x_wconf 90' lang='lat' dir='ltr'>repu-</span> 
     </span>
     <span class='ocr_line' id='line_1_30' title="bbox 205 3525 1431 3611; baseline 0.001 -21"><span class='ocrx_word' id='word_1_239' title='bbox 205 3525 348 3592; x_wconf 83' lang='lat' dir='ltr'>micetio.</span> <span class='ocrx_word' id='word_1_240' title='bbox 372 3528 545 3610; x_wconf 81' lang='lat' dir='ltr'>reputatio.</span> <span class='ocrx_word' id='word_1_241' title='bbox 568 3527 775 3594; x_wconf 91' lang='lat' dir='ltr'>resalutatio.</span> <span class='ocrx_word' id='word_1_242' title='bbox 804 3530 951 3595; x_wconf 90' lang='lat' dir='ltr'>resectio.</span> <span class='ocrx_word' id='word_1_243' title='bbox 982 3530 1148 3595; x_wconf 90' lang='lat' dir='ltr'>resolutio.</span> <span class='ocrx_word' id='word_1_244' title='bbox 1178 3529 1340 3611; x_wconf 89' lang='lat' dir='ltr'>respersio</span> <span class='ocrx_word' id='word_1_245' title='bbox 1362 3526 1431 3591; x_wconf 85' lang='lat' dir='ltr'>Cic.</span> 
     </span>
     <span class='ocr_line' id='line_1_31' title="bbox 139 3623 1430 3714; baseline 0 -21"><span class='ocrx_word' id='word_1_246' title='bbox 139 3623 158 3638; x_wconf 73' lang='grc'>“’</span> <span class='ocrx_word' id='word_1_247' title='bbox 205 3628 377 3711; x_wconf 90' lang='lat' dir='ltr'>respiratio</span> <span class='ocrx_word' id='word_1_248' title='bbox 398 3627 442 3693; x_wconf 90' lang='lat' dir='ltr'>id.</span> <span class='ocrx_word' id='word_1_249' title='bbox 474 3630 643 3714; x_wconf 89' lang='lat' dir='ltr'>responsio</span> <span class='ocrx_word' id='word_1_250' title='bbox 665 3629 744 3707; x_wconf 91' lang='lat' dir='ltr'>Plt.,</span> <span class='ocrx_word' id='word_1_251' title='bbox 769 3628 835 3695; x_wconf 78' lang='lat' dir='ltr'>cic.</span> <span class='ocrx_word' id='word_1_252' title='bbox 870 3632 1081 3714; x_wconf 85' lang='lat' dir='ltr'>restagnatio.</span> <span class='ocrx_word' id='word_1_253' title='bbox 1119 3632 1290 3695; x_wconf 92' lang='lat' dir='ltr'>restinctio</span> <span class='ocrx_word' id='word_1_254' title='bbox 1313 3628 1381 3695; x_wconf 80' lang='lat' dir='ltr'>(lic.</span> <span class='ocrx_word' id='word_1_255' title='bbox 1404 3650 1430 3693; x_wconf 91' lang='lat' dir='ltr'>s.</span> 
     </span>
     <span class='ocr_line' id='line_1_32' title="bbox 211 3731 1430 3814; baseline 0 -19"><span class='ocrx_word' id='word_1_256' title='bbox 211 3731 476 3814; x_wconf 78' lang='lat' dir='ltr'>¹²³⁰reetipulatio</span> <span class='ocrx_word' id='word_1_257' title='bbox 497 3731 564 3798; x_wconf 84' lang='lat' dir='ltr'>Oic.</span> <span class='ocrx_word' id='word_1_258' title='bbox 595 3733 764 3798; x_wconf 91' lang='lat' dir='ltr'>restitutio</span> <span class='ocrx_word' id='word_1_259' title='bbox 785 3733 831 3798; x_wconf 92' lang='lat' dir='ltr'>id.</span> <span class='ocrx_word' id='word_1_260' title='bbox 862 3732 1041 3798; x_wconf 85' lang='lat' dir='ltr'>retardatio</span> <span class='ocrx_word' id='word_1_261' title='bbox 1061 3734 1107 3800; x_wconf 89' lang='lat' dir='ltr'>id.</span> <span class='ocrx_word' id='word_1_262' title='bbox 1137 3735 1279 3797; x_wconf 88' lang='lat' dir='ltr'>retentio</span> <span class='ocrx_word' id='word_1_263' title='bbox 1300 3731 1345 3798; x_wconf 90' lang='lat' dir='ltr'>id.</span> <span class='ocrx_word' id='word_1_264' title='bbox 1378 3751 1430 3795; x_wconf 91' lang='lat' dir='ltr'>rc-</span> 
     </span>
     <span class='ocr_line' id='line_1_33' title="bbox 206 3833 1433 3911; baseline -0.001 -13"><span class='ocrx_word' id='word_1_265' title='bbox 206 3835 359 3898; x_wconf 88' lang='lat' dir='ltr'>tractatio</span> <span class='ocrx_word' id='word_1_266' title='bbox 386 3833 429 3898; x_wconf 92' lang='lat' dir='ltr'>id.</span> <span class='ocrx_word' id='word_1_267' title='bbox 467 3835 621 3900; x_wconf 90' lang='lat' dir='ltr'>retractio</span> <span class='ocrx_word' id='word_1_268' title='bbox 644 3836 684 3901; x_wconf 86' lang='lat' dir='ltr'>V.</span> <span class='ocrx_word' id='word_1_269' title='bbox 723 3835 868 3900; x_wconf 91' lang='lat' dir='ltr'>reuersio</span> <span class='ocrx_word' id='word_1_270' title='bbox 890 3835 974 3911; x_wconf 86' lang='lat' dir='ltr'>Plt.,</span> <span class='ocrx_word' id='word_1_271' title='bbox 1004 3833 1072 3899; x_wconf 83' lang='lat' dir='ltr'>Oic.</span> <span class='ocrx_word' id='word_1_272' title='bbox 1109 3835 1299 3900; x_wconf 87' lang='lat' dir='ltr'>reuibratio.</span> <span class='ocrx_word' id='word_1_273' title='bbox 1336 3854 1433 3898; x_wconf 85' lang='lat' dir='ltr'>reuo-</span> 
     </span>
     <span class='ocr_line' id='line_1_34' title="bbox 206 3933 1431 4021; baseline -0.001 -22"><span class='ocrx_word' id='word_1_274' title='bbox 206 3935 290 4001; x_wconf 87' lang='lat' dir='ltr'>catio</span> <span class='ocrx_word' id='word_1_275' title='bbox 313 3933 381 4000; x_wconf 74' lang='lat' dir='ltr'>(lic.</span> <span class='ocrx_word' id='word_1_276' title='bbox 415 3935 568 4000; x_wconf 88' lang='lat' dir='ltr'>reuulsic.</span> <span class='ocrx_word' id='word_1_277' title='bbox 607 3937 798 4021; x_wconf 80' lang='lat' dir='ltr'>¹²⁴⁰rigatio.</span> <span class='ocrx_word' id='word_1_278' title='bbox 836 3937 916 4002; x_wconf 89' lang='lat' dir='ltr'>risio</span> <span class='ocrx_word' id='word_1_279' title='bbox 937 3936 1003 4003; x_wconf 87' lang='lat' dir='ltr'>Plt.</span> <span class='ocrx_word' id='word_1_280' title='bbox 1027 3957 1053 4002; x_wconf 93' lang='lat' dir='ltr'>s.</span> <span class='ocrx_word' id='word_1_281' title='bbox 1090 3937 1218 4020; x_wconf 85' lang='lat' dir='ltr'>rogatio</span> <span class='ocrx_word' id='word_1_282' title='bbox 1240 3934 1305 4003; x_wconf 78' lang='lat' dir='ltr'>(lic.</span> <span class='ocrx_word' id='word_1_283' title='bbox 1343 3935 1431 4018; x_wconf 85' lang='lat' dir='ltr'>rogi·</span> 
     </span>
     <span class='ocr_line' id='line_1_35' title="bbox 207 4035 1431 4105; baseline 0.002 -5"><span class='ocrx_word' id='word_1_284' title='bbox 207 4036 287 4100; x_wconf 89' lang='lat' dir='ltr'>tatio</span> <span class='ocrx_word' id='word_1_285' title='bbox 297 4035 363 4102; x_wconf 91' lang='lat' dir='ltr'>Plt.</span> <span class='ocrx_word' id='word_1_286' title='bbox 377 4057 403 4103; x_wconf 90' lang='lat' dir='ltr'>s.</span> <span class='ocrx_word' id='word_1_287' title='bbox 425 4037 548 4101; x_wconf 90' lang='lat' dir='ltr'>roratio</span> <span class='ocrx_word' id='word_1_288' title='bbox 560 4038 602 4104; x_wconf 88' lang='lat' dir='ltr'>V.</span> <span class='ocrx_word' id='word_1_289' title='bbox 625 4039 720 4105; x_wconf 89' lang='lat' dir='ltr'>rosio.</span> <span class='ocrx_word' id='word_1_290' title='bbox 745 4039 866 4102; x_wconf 86' lang='lat' dir='ltr'>rotatio</span> <span class='ocrx_word' id='word_1_291' title='bbox 875 4039 915 4104; x_wconf 85' lang='lat' dir='ltr'>V.</span> <span class='ocrx_word' id='word_1_292' title='bbox 939 4037 1184 4105; x_wconf 89' lang='lat' dir='ltr'>rotundatioid.</span> <span class='ocrx_word' id='word_1_293' title='bbox 1207 4036 1431 4104; x_wconf 89' lang='lat' dir='ltr'>ruderatioid.</span> 
     </span>
     <span class='ocr_line' id='line_1_36' title="bbox 205 4135 1036 4206; baseline 0.004 -3"><span class='ocrx_word' id='word_1_294' title='bbox 205 4138 385 4203; x_wconf 86' lang='lat' dir='ltr'>ruminatio</span> <span class='ocrx_word' id='word_1_295' title='bbox 408 4135 475 4205; x_wconf 78' lang='lat' dir='ltr'>(lic.</span> <span class='ocrx_word' id='word_1_296' title='bbox 519 4141 737 4205; x_wconf 83' lang='lat' dir='ltr'>¹²⁵⁰runcatio.</span> <span class='ocrx_word' id='word_1_297' title='bbox 776 4141 946 4205; x_wconf 88' lang='lat' dir='ltr'>rusticatio</span> <span class='ocrx_word' id='word_1_298' title='bbox 969 4139 1036 4206; x_wconf 83' lang='lat' dir='ltr'>Cic.</span> 
     </span>
    </p>
   </div>
   <div class='ocr_carea' id='block_1_9' title="bbox 307 4307 1433 4392">
    <p class='ocr_par' dir='ltr' id='par_1_10' title="bbox 307 4307 1433 4392">
     <span class='ocr_line' id='line_1_37' title="bbox 307 4307 1433 4392; baseline 0 -18"><span class='ocrx_word' id='word_1_299' title='bbox 307 4307 512 4374; x_wconf 68' lang='lat' dir='ltr'>sacrificatio</span> <span class='ocrx_word' id='word_1_300' title='bbox 534 4307 601 4376; x_wconf 82' lang='lat' dir='ltr'>Oic.</span> <span class='ocrx_word' id='word_1_301' title='bbox 630 4309 802 4392; x_wconf 83' lang='lat' dir='ltr'>saginatio.</span> <span class='ocrx_word' id='word_1_302' title='bbox 830 4309 965 4376; x_wconf 90' lang='lat' dir='ltr'>saltatio</span> <span class='ocrx_word' id='word_1_303' title='bbox 985 4309 1064 4388; x_wconf 92' lang='lat' dir='ltr'>Plt.,</span> <span class='ocrx_word' id='word_1_304' title='bbox 1089 4307 1155 4375; x_wconf 78' lang='lat' dir='ltr'>Cic.</span> <span class='ocrx_word' id='word_1_305' title='bbox 1186 4309 1342 4376; x_wconf 89' lang='lat' dir='ltr'>salutatio</span> <span class='ocrx_word' id='word_1_306' title='bbox 1365 4307 1433 4374; x_wconf 82' lang='lat' dir='ltr'>Cio.</span> 
     </span>
    </p>
   </div>
   <div class='ocr_carea' id='block_1_10' title="bbox 0 0 1631 5024">
    <p class='ocr_par' dir='ltr' id='par_1_11' title="bbox 0 0 1631 5024">
     <span class='ocr_line' id='line_1_38' title="bbox 0 0 1631 5024; baseline 0 0"><span class='ocrx_word' id='word_1_307' title='bbox 0 0 1631 5024; x_wconf 95' lang='lat' dir='ltr'> </span> 
     </span>
    </p>
   </div>
  </div>
 </body>
</html>
