3244 5024
662 377 918 450 ...35-

177 585 274 649 uctt.:
545 631 550 638 .

177 682 316 748 monitio
341 699 404 765 (inc.
421 714 438 756 a
456 717 481 755 n.
499 700 551 753 71.
570 699 607 766 t).
647 682 859 746 commoratio
881 679 961 745 (lice
988 682 1211 746 ²⁴⁰c’ommotio
1236 680 1279 746 id.
1318 699 1405 745 com-

178 785 357 850 municatio
386 785 431 865 id.
469 785 686 850 communitio
716 783 759 849 id.
798 783 1013 849 commutatio
1042 784 1118 847 Ace.
1141 782 1235 850 Brut.
1254 783 1305 860 35,
1336 780 1404 847 cir.

178 888 360 971 compactio
380 886 449 954 Oic.
473 887 672 970 comparatio
695 890 838 974 (parare)
862 884 906 951 ic.
930 884 1132 966 comparatio
1148 885 1234 966 (par)
1251 883 1293 950 id.
1317 903 1404 948 com-

178 990 314 1074 pellatio
329 989 372 1056 id.
397 990 621 1073 compensatio
635 987 678 1052 id.
703 985 1015 1070 comperendinatio.
1041 986 1279 1071 ²⁵⁰ccmpilatio
1295 984 1362 1051 Oic.
1379 1005 1426 1054 s..

179 1091 408 1174 complanatio.
446 1091 646 1174 complexio·
661 1089 728 1154 oie.
765 1085 980 1170 comploratio
1010 1089 1084 1152 Liu.
1122 1088 1336 1171 comportatio
1362 1087 1403 1153 V.

179 1193 372 1276 compositio
385 1191 453 1259 cio.
476 1194 675 1277 compotatio
686 1192 729 1258 id.
753 1183 970 1275 comprecatio
983 1191 1058 1256 Liu.
1077 1192 1325 1275 comprehensio
1337 1188 1403 1256 Oic.

179 1295 381 1378 compressio
403 1294 483 1373 Plt.,
514 1294 581 1364 Oic.
620 1299 662 1338 ²⁶⁰
671 1293 893 1376 comprobatio
915 1291 984 1359 (iic.
1022 1295 1231 1377 computatio.
1269 1294 1405 1358 cenatio.

180 1398 418 1463 concameratio
440 1396 482 1462 V.
520 1397 691 1463 consentio
714 1394 781 1461 Oic.
820 1397 989 1479 conceptio
1017 1396 1059 1461 id.
1099 1397 1299 1461 concertatio
1321 1397 1405 1472 Ter,

181 1498 248 1565 (iic.
287 1500 495 1565 conoessatic.
535 1500 701 1564 concessio
731 1496 799 1564 Oic.
838 1499 1025 1564 conciliatio
1059 1498 1103 1564 id.
1127 1504 1184 1546 1²²⁰
1193 1499 1333 1564 concisio
1362 1498 1405 1564 id.

89 1596 93 1604 ’
180 1601 356 1666 concitatio
376 1601 420 1666 id.
455 1602 672 1666 conclamatio
695 1599 787 1666 ans.
821 1601 988 1666 conclusio
1011 1602 1077 1667 Gic.
1116 1601 1290 1666 concoctio.
1329 1620 1405 1666 con·

181 1705 329 1770 coenatio
352 1703 419 1769 (lic.
442 1724 467 1768 s.
499 1705 663 1768 concretio
686 1701 752 1769 Cic.
786 1705 980 1770 concubitio.
1010 1706 1217 1770 concursatio
1240 1703 1306 1769 Oic.
1330 1723 1406 1768 con·

180 1807 289 1872 cursio
310 1804 353 1870 id.
378 1807 603 1872 ²0⁰concussi'0.
628 1805 773 1871 conditio
795 1806 954 1890 (condire)
978 1807 1053 1872 Oia
1073 1807 1267 1872 condonatio
1290 1804 1356 1870 (lic.
1380 1825 1406 1869 s.

181 1909 355 1984 conductiq
379 1908 445 1974 Oic.
484 1909 727 1992 conduplicatio
756 1909 835 1988 Plt.,
866 1909 919 1973 Ad
950 1909 1030 1975 Her.
1069 1891 1296 1974 confarreatio
1330 1927 1406 1971 con-

180 2011 279 2076 fectio
295 2011 360 2097 (lic.
384 2012 545 2076 confessio
567 2011 611 2077 id.
634 2013 786 2077 confictio
808 2012 852 2079 id.
876 2013 1082 2080 confirmatio
1097 2013 1140 2077 id.
1165 2012 1349 2076 2⁹⁰conlisio
1365 2009 1407 2074 id.

182 2115 405 2198 conflagratio.
440 2099 647 2180 conflictatio.
680 2116 846 2180 conflictio
869 2113 936 2181 Oic.
968 2115 1183 2181 conformatio
1205 2117 1249 2178 id.
1281 2114 1408 2178 confor-

182 2217 304 2282 nicatio
326 2217 367 2283 V.
399 2217 548 2282 confusio
571 2215 639 2283 (lic.
670 2217 852 2282 confutatio
875 2217 929 2280 Ad
952 2217 1032 2282 Her.
1048 2281 1051 2288 ,
1067 2218 1252 2300 congelatio
1297 2235 1409 2299 conge-

118 2406 122 2410 ,
181 2321 321 2384 minatio
344 2318 411 2384 Plt.
437 2321 655 2402 ³⁰⁰congeotio
680 2321 718 2385 V.
742 2319 958 2403 conglobatio.
983 2321 1221 2404 conglutinatio
1243 2317 1310 2385 Oia
1334 2340 1409 2384 oon-

183 2420 371 2505 gratulatio
403 2423 612 2505 congregatio
635 2421 700 2510 Cic.
733 2423 920 2505 congressio
942 2421 986 2489 id.
1019 2424 1216 2488 coniectatio.
1254 2423 1412 2488 coniectio

184 2523 251 2590 (lic.
275 2525 461 2608 coniugatio
472 2523 515 2590 id.
540 2525 728 2589 coniunctio
740 2525 783 2591 id.
809 2524 1216 2602 ³¹⁰coniuratioTer.,Oio.
1240 2526 1410 2592 connexio.

184 2630 415 2709 conquassatio
427 2627 494 2693 Oic.
508 2648 533 2692 s.
556 2627 746 2708 conquestio
762 2625 829 2692 Oic.
853 2626 1049 2708 conquisitio
1066 2628 1110 2694 id.
1135 2627 1353 2691 consalutatio
1366 2626 1410 2693 id.

184 2723 375 2795 conscensio
396 2729 439 2796 id.
463 2752 490 2795 s.
529 2729 725 2814 conscriptio
754 2728 796 2795 id.
838 2729 1040 2793 consecratio
1063 2729 1106 2794 id.
1145 2727 1343 2792 consectatio
1365 2727 1408 2792 id.

186 2832 397 2896 ³2⁰ccnsectio
418 2831 461 2898 id.
486 2853 510 2898 s.
549 2832 736 2924 consecutio
763 2831 807 2898 id.
846 2832 1018 2897 consensio
1046 2832 1091 2896 id.
1129 2831 1335 2899 conseruatio
1363 2831 1406 2896 id.

184 2935 401 3000 consideratio
422 2936 466 3002 id.
501 2936 715 3019 consignatio.
742 2935 889 3004 consitio
913 2933 980 3000 Oic.
1012 2935 1209 2999 consociatio
1230 2932 1273 2998 id.
1297 2953 1409 2998 conso-

184 3039 265 3103 latio
279 3039 323 3104 id.
346 3039 509 3104 consortio
524 3038 641 3116 Lucil,
654 3035 721 3104 Oic.
746 3039 992 3121 ³³⁰conspiratio
1008 3036 1076 3104 (lic.
1100 3036 1321 3103 consternatio
1335 3036 1410 3103 Irin.

184 3141 379 3206 constitutio
409 3139 477 3206 (lic.
516 3141 714 3207 constrictio.
752 3141 953 3207 constructio
983 3139 1050 3207 Oic.
1092 3141 1260 3205 consuetio
1285 3138 1353 3204 Plt.
1385 3161 1409 3205 s.

186 3244 384 3309 consultatio
410 3243 518 3320 (lom,
546 3242 614 3310 (lic.
652 3245 902 3309 consummatio.
942 3243 1150 3326 consumptio
1172 3241 1238 3308 Cio.
1277 3261 1411 3306 consur-

185 3347 288 3422 rectio
302 3343 369 3413 Oic.
386 3367 435 3428 ep.
451 3349 497 3429 (et
511 3345 597 3426 har.)
614 3367 639 3411 s.
669 3345 941 3412 ³¹¹⁰contabulatio
963 3343 1056 3411 Once.
1088 3343 1321 3426 contemplatio
1343 3339 1411 3408 Oic.

187 3448 387 3530 contemptio
408 3448 450 3514 id.
485 3447 651 3512 contentio
673 3447 765 3514 (lass.
781 3431 990 3514 Hamil-,11
1007 3447 1091 3524 Pet,
1115 3445 1182 3512 (lic.
1215 3445 1412 3510 contestatio

187 3548 254 3616 (lic.
278 3549 410 3632 (frgmt
434 3551 637 3633 contignatio
659 3549 752 3617 Caes.
784 3551 989 3616 continuatio
1011 3549 1078 3615 Oic.
1112 3549 1221 3614 contio
1244 3547 1320 3624 Plt.,
1344 3544 1411 3612 (lic.

188 3650 428 3718 contortioOic.
452 3653 630 3719 contractio
641 3653 686 3720 id.
710 3653 983 3720 ³50contradictio.
1003 3651 1216 3717 contrectatio
1228 3649 1296 3716 (lic.
1310 3649 1412 3733 (Dig,

188 3756 275 3838 Aug.
291 3755 327 3818 in
342 3775 391 3839 ps.
408 3753 460 3833 50,
482 3756 518 3820 6:
542 3776 567 3822 c.
585 3745 735 3838 coniugis
751 3755 897 3838 alienae).
929 3755 1136 3821 conturbatio
1151 3751 1219 3819 Cic.
1254 3753 1413 3820 contusio.

188 3857 468 3923 conuentioVarr.
493 3859 707 3924 conuersatio.
730 3856 981 3924 conuersiooic.
1006 3853 1411 3940 conuictioOic.(etfil.)s.

188 3961 382 4027 conuinctio.
413 3962 604 4026 conuocatio
620 3959 687 4026 Oic.
703 3983 734 4044 p.
750 3961 816 4027 red.
833 3962 869 4024 in
884 3982 954 4026 sen.
990 3959 1219 4026 ³⁶⁰conuulsio.
1254 3957 1413 4040 cooptatio

189 4061 256 4131 (lic.
289 4063 454 4146 copulatio
475 4065 520 4130 id.
544 4065 735 4147 corporatio.
770 4066 927 4129 correctio
949 4061 1017 4129 (iic.
1050 4063 1212 4145 correptio
1236 4061 1275 4126 V.
1313 4060 1411 4126 corri-
1448 4125 1456 4140 ,

188 4166 288 4233 ustio.
319 4167 485 4249 corruptio
507 4164 574 4233 cio.
609 4167 729 4232 creatio
750 4167 795 4235 id.
830 4167 994 4232 crematio.
1031 4165 1179 4230 ³²⁰oretio
1202 4161 1269 4229 cio.
1304 4164 1422 4228 crimi-

189 4269 281 4340 natio
294 4268 338 4335 id.
367 4270 507 4347 crocatio
522 4269 612 4336 Fest.
628 4291 677 4355 ep.
694 4270 826 4357 cubatio
839 4270 933 4336 Varr.
963 4270 1142 4334 cummitio.
1170 4268 1333 4333 cunctatio
1345 4266 1414 4334 (lio.

191 4372 351 4438 cuneatio.
389 4373 515 4438 curatio
537 4371 615 4451 Plt.,
638 4371 705 4439 Oic.
744 4377 851 4438 cursio
874 4372 971 4437 Varr.
1008 4371 1165 4437 curuatio.
