3244 5024
694 363 950 432 ⁴44-

207 565 339 729 iutbtrtabo
363 660 430 727 016.
466 663 527 727 itio
549 661 632 740 Ter„
656 659 724 730 016.
761 662 896 728 iudicat‘
873 669 920 728 tro
943 661 1010 727 016.
1049 663 1174 746 iugatio
1194 662 1239 730 id.
1273 664 1437 746 iugulatio
1498 734 1503 744 ,Ἰ

208 765 247 832 Β.
272 765 366 849 Hisp.
404 764 531 829 iunctio
553 762 674 831 Oia?
646 768 699 847 (l),
722 761 805 832 reio.
843 764 1028 830 iurisdictio
1050 763 1117 832 016,

310 970 351 1013 ⁸³⁰
359 966 596 1034 Labefactatio.
634 967 792 1034 laceratio
828 967 894 1035 016.
919 985 996 1051 (tia,
1013 986 1072 1040 Son.
1092 1004 1133 1054 ep.
1150 988 1192 1051 68,
1212 987 1244 1040 la
1262 987 1304 1048 el..
1322 987 1437 1054 Juniis).

207 1071 402 1140 lacrimatio.
425 1071 528 1154 laesio
541 1069 607 1136 016.
631 1069 766 1140 laetatio
779 1067 872 1138 ans.
896 1071 1090 1136 lamentatio
1104 1071 1182 1150 Plt.,
1197 1071 1264 1138 016.
1288 1071 1436 1138 laniatio.

208 1173 369 1257 lapidatio
397 1171 464 1238 016.
503 1172 608 1254 lapsio
636 1171 680 1238 id.
712 1193 737 1237 s.
778 1173 912 1256 largitio
940 1171 1009 1239 016.
1047 1174 1177 1238 ⁸¹⁰latio
1203 1172 1249 1239 id.
1272 1174 1437 1258 (lugiet).

208 1275 350 1342 latitatio
372 1293 469 1359 (inas
492 1310 518 1345 n.
537 1291 588 1345 71.
609 1291 659 1359 ιι).
694 1274 912 1339 latrocinatio.
948 1274 1073 1339 lauatio
1095 1275 1173 1352 Plt.,
1197 1272 1265 1341 016.
1290 1276 1438 1342 laudatio

208 1375 277 1442 016.
304 1377 430 1443 laxatio
458 1376 499 1442 V.
529 1376 628 1441 lectio
656 1374 724 1442 016.
751 1375 874 1459 legatio
902 1375 944 1442 id.
976 1377 1098 1441 leuatio
1126 1377 1169 1443 id.
1205 1379 1365 1461 ltuigetio
1395 1379 1435 1445 V.

211 1480 373 1546 ⁸⁵⁰libatio
408 1479 476 1545 016.
498 1478 577 1544 -har,
607 1500 632 1544 s.
666 1478 817 1544 liberatio
851 1465 920 1546 016.
953 1478 1088 1544 libratio
1121 1479 1162 1546 V.
1197 1480 1336 1545 licitatio
1369 1479 1436 1547 016.

209 1581 334 1666 ligatio.
363 1582 504 1665 lignatio
527 1580 620 1648 (laes.
648 1580 815 1665 ligurritio
837 1578 905 1648 016.
928 1602 953 1646 s.
985 1581 1141 1646 limitatio
1163 1583 1204 1647 V.
1235 1581 1372 1646 lineatio
1393 1581 1438 1648 id.

210 1685 319 1750 litatio
341 1684 411 1750 Plt.
435 1684 626 1749 ⁸⁶⁰literatio
648 1683 744 1750 Varr.
778 1683 897 1748 locatio
920 1681 987 1749 016.
1012 1684 1134 1748 locutio
1155 1683 1199 1750 id.
1215 1684 1373 1749 loricatio
1395 1685 1437 1750 V.

209 1787 344 1853 lotioid.
368 1785 504 1851 luctatio
516 1783 583 1850 016.
606 1785 791 1850 lucubratio
803 1785 847 1852 id.
870 1784 1053 1850 ludificatio
1069 1785 1114 1852 id:
1138 1785 1271 1851 luscitio
1284 1786 1373 1852 Fest.
1388 1807 1436 1870 ep.

210 1889 296 1953 lusio
310 1887 354 1953 id.
379 1887 580 1952 8¹⁰lustratio
593 1886 636 1952 id.
661 1887 859 1972 lymphatio.
888 1889 1065 1952 maceratio
1082 1889 1136 1953 V.·
1151 1888 1354 1955 machinatio
1370 1887 1438 1956 016.

210 1989 401 2054 maledictio
422 1988 466 2054 id.
495 1990 652 2056 manatio.
674 1991 885 2073 mancipatio.
912 1993 1040 2056 mansio
1064 1991 1131 2057 016.
1155 1991 1374 2056 manumissio
1395 1990 1440 2054 id.
1495 2073 1500 2082 Ι

210 2091 399 2157 materiatio
421 2092 462 2157 V.
496 2093 721 2157 ⁸⁸⁰maturatio
736 2092 790 2157 Ad
804 2093 884 2160 Her.
901 2115 925 2160 s.
958 2094 1143 2159 medicatio.
1168 2091 1343 2158 meditatio
1369 2089 1438 2158 016.

210 2181 370 2260 mellatio.
392 2193 600 2261 mendicatio.
624 2196 750 2260 mensio
766 2194 833 2261 016.
849 2197 974 2263 mentio
991 2197 1067 2277 Plt.,
1084 2197 1158 2260 Ter.
1176 2195 1264 2260 Eun.
1282 2193 1357 2272 427,
1372 2193 1439 2260 016.

210 2295 401 2362 meridiatio
416 2293 484 2362 016.
500 2317 525 2362 s.
553 2299 675 2363 messio
688 2297 783 2363 Varr.
809 2300 956 2364 metatio.
981 2298 1186 2381 ⁸⁰⁰migratio
1209 2295 1279 2364 016.
1302 2297 1442 2362 minatio

208 2398 284 2466 Plt.
311 2396 379 2466 016.
412 2399 615 2464 ministratio
638 2398 678 2464 V.
712 2399 902 2464 minurritio
923 2399 1015 2465 Fest.
1039 2420 1088 2481 ep.
1123 2400 1280 2464 minutio.
1308 2398 1443 2464 miratio

212 2499 280 2567 016.
293 2521 318 2567 s.
342 2501 511 2566 miseratio
527 2498 594 2567 016.
617 2502 732 2566 missio
754 2501 798 2566 id.
821 2501 987 2584 mitigatio
1009 2499 1052 2568 id.
1077 2501 1197 2566 mixtio
1213 2500 1253 2565 V.
1278 2501 1441 2565 ⁹⁰⁰mode·
1550 2559 1555 2566 .

211 2603 297 2668 ratio
325 2601 392 2690 (lio.
430 2600 641 2668 modificatio.
678 2603 861 2668 modulatio
885 2603 925 2667 V.
960 2602 1091 2666 molitio
1123 2599 1189 2668 016.
1227 2603 1367 2668 monitio
1394 2601 1441 2668 id.

212 2704 410 2770 monstratio
433 2704 506 2770 Ter.
529 2704 670 2770 moratio
688 2705 726 2770 V.
761 2697 972 2788 morigeratio
987 2704 1059 2770 Afr.
1076 2724 1101 2768 s.
1134 2704 1237 2768 motio
1261 2701 1329 2768 016.
1353 2702 1440 2767 mul-

213 2809 294 2874 tatio
305 2806 349 2875 id.
373 2807 656 2889 ⁰¹⁰multiplieatio
668 2807 708 2872 V.
732 2807 876 2873 munitio
889 2807 955 2872 (lic.
970 2807 1198 2872 murmuratio.
1215 2806 1355 2872 mutatio
1369 2804 1438 2872 016.

211 2911 381 2976 mutitatio
404 2909 499 2977 Verr.
521 2909 573 2975 Ill.
612 2910 746 2977 mutitio
767 2909 835 2976 Plt.
860 2929 886 2976 s.
923 2907 1086 2974 mutuatio
1109 2907 1176 2974 016.
1200 2929 1226 2974 s.

314 3113 468 3179 Narratio
497 3113 571 3179 'Pan
602 3112 705 3180 Andr.
736 3112 808 3191 709,
836 3112 901 3180 016.
940 3114 1067 3180 natatio
1099 3111 1166 3178 016.
1203 3112 1363 3177 natiuatio
1390 3131 1439 3194 pr.

214 3217 355 3282 ⁰²⁰natio
377 3214 455 3291 Plt.,
479 3215 548 3282 016.
582 3216 752 3299 nauigatio
774 3215 840 3283 016.
868 3217 1000 3300 negatio
1021 3216 1067 3282 id.
1089 3215 1253 3298 neglectio
1274 3212 1318 3278 id.
1339 3233 1440 3296 nego·

214 3319 307 3385 tiatio
328 3318 372 3384 id.
395 3319 541 3383 nictatio.
565 3318 701 3382 nodatio
718 3318 758 3383 V.
782 3319 1003 3384 nomenclatio
1019 3316 1060 3398 Q.
1077 3316 1144 3383 016.
1175 3316 1357 3381 nominatio
1372 3311 1440 3379 016.
1457 3324 1461 3332 “

213 3421 406 3485 normatios
420 3420 595 3484 ⁹³⁰uotatio
617 3416 683 3485 016.
718 3419 809 3514 notio
831 3420 875 3486 id.
911 3419 1058 3485 nudatio.
1087 3419 1282 3484 numeratio.
1313 3436 1440 3482 nuncu-

188 3524 305 3606 ·patio
326 3522 401 3588 Liu.
441 3521 639 3586 nundinatio
661 3519 730 3587 016.
767 3521 933 3588 nuntiatio
961 3520 1006 3586 id.
1044 3520 1188 3585 nuscitio
1215 3540 1264 3602 pr.
1301 3517 1438 3585 nutatio.

214 3625 391 3691 nutricatio
413 3624 510 3692 Varr.
1116 3645 1119 3656 ·

318 3829 581 3897 ⁰⁴⁰Obambulat
557 3837 604 3896 tro
626 3829 680 3894 Ad
702 3829 782 3894 Her.
807 3849 833 3894 s.
870 3827 1000 3893 obduct
977 3833 1023 3892 tro
1047 3825 1113 3892 016.
1152 3826 1325 3892 oblectatio
1348 3823 1441 3891 ans.

215 3933 355 4000 obiratio
377 3931 444 3998 016.
468 3954 493 3999 s.
533 3932 718 4016 obiurgatio
741 3930 807 3998 016.
849 3930 1025 3997 oblectatio
1048 3928 1090 3996 id
1129 3929 1264 4011 obligat
1242 3926 1377 3993 601616
1400 3925 1443 3991 ad

215 4035 272 4100 ΒΓ
285 4054 396 4118 (susan.
414 4051 489 4121 lca).
512 4035 594 4100 oblit
581 4035 706 4101 teratio.
730 4033 939 4099 obnuntiatio
952 4031 1020 4097 016.
1043 4030 1198 4114 obreptio.
1223 4028 1443 4112 9⁵⁰obrogatio
1506 4046 1512 4056 ·

97 4139 103 4148 ’
216 4137 270 4202 Ad
294 4136 424 4203 Here.
461 4137 645 4202 obscuratio
665 4135 736 4202 016.
775 4136 971 4201 obsecratio
980 4133 1023 4199 id.
1063 4133 1249 4199 obseruatio
1271 4133 1350 4209 Plt.,
1373 4129 1442 4196 016.

216 4240 362 4305 obsessio
384 4238 451 4306 016.
477 4240 656 4305 obstinatio
677 4239 722 4306 id.
744 4238 818 4304 obst
805 4239 926 4304 tractio
947 4236 991 4302 id.
1020 4235 1257 4319 obtemperatio
1279 4235 1323 4301 id.
1351 4234 1408 4299 obt
1395 4241 1443 4298 te-

81 4320 121 4429 j'ss·
216 4344 315 4410 statio
336 4343 380 4410 id.
412 4342 606 4408 obtrectatio
628 4341 697 4406 Plt.
720 4341 813 4407 Pers.
836 4318 909 4428 356,
932 4337 999 4406 016.
1031 4339 1295 4406 ⁹⁶⁰obtruuoatio.
1319 4337 1445 4404 occasio
